category,brand,name,price,price_per_size,size,popularity_rank,out_of_item,item_url
"Beer, Non-Alcoholic",Ghia,"Ghia Le Spritz Ginger Non-Alcoholic, Can",,,,,yes,https://www.freshdirect.com/supergro/beer/sc/beer_non_alcoholic/p/gro_pid_4020006
"Beer, Non-Alcoholic",Heineken,"Heineken 0.0 Alcohol Free Beer, Cans",,,,,yes,https://www.freshdirect.com/supergro/beer/sc/beer_non_alcoholic/p/gro_pid_4019399
"Beer, Non-Alcoholic",Best Day Brewing,"Best Day Brewing Non-Alcoholic Kölsch, Cans",$12.99/ea,$2.89/pt,"6ct, 12fl oz ea",38,,https://www.freshdirect.com/supergro/beer/sc/beer_non_alcoholic/p/gro_pid_4019933
"Beer, Non-Alcoholic",Ghia,"Ghia Le Spritz Lime & Salt Non-Alcoholic, Can",$6.99/ea,$13.98/pt,8fl oz,37,,https://www.freshdirect.com/supergro/beer/sc/beer_non_alcoholic/p/gro_pid_4020007
"Beer, Non-Alcoholic",Best Day Brewing,"Best Day Brewing Non-Alcoholic Hazy IPA, Cans",$12.99/ea,$2.89/pt,"6ct, 12fl oz ea",36,,https://www.freshdirect.com/supergro/beer/sc/beer_non_alcoholic/p/gro_pid_4019932
"Beer, Non-Alcoholic",St. Agrestis,"St. Agrestis Phony Negroni, Glass Bottle",$6.99/ea,$34.95/l,200ml,35,,https://www.freshdirect.com/supergro/beer/sc/beer_non_alcoholic/p/gro_pid_4019952
"Beer, Non-Alcoholic",Hoplark,"Hoplark 0.0 Non-Alcoholic Hopped Brew, Really Really Hoppy, Cans",$12.99/ea,$2.89/pt,"6ct, 12fl oz ea",34,,https://www.freshdirect.com/supergro/beer/sc/beer_non_alcoholic/p/gro_pid_4019209
"Beer, Non-Alcoholic",Lyre's,"Lyre's Non-Alcoholic Amalfi Spritz, Cans",$17.99/ea,$8.52/pt,"4ct, 8.45fl oz ea",33,,https://www.freshdirect.com/supergro/beer/sc/beer_non_alcoholic/p/gro_pid_4018999
"Beer, Non-Alcoholic",Lyre's,"Lyre's Non-Alcoholic Classico Sparkling Cocktail, Cans",$17.99/ea,$8.52/pt,"4ct, 8.45fl oz ea",32,,https://www.freshdirect.com/supergro/beer/sc/beer_non_alcoholic/p/gro_pid_4019001
"Beer, Non-Alcoholic",Peroni,"Peroni 0.0 Non-Alcoholic Beer, Glass Bottles",$12.99/ea,$3.09/pt,"6ct, 11.2fl oz ea",31,,https://www.freshdirect.com/supergro/beer/sc/beer_non_alcoholic/p/gro_pid_4019338
"Beer, Non-Alcoholic",Samuel Adams,"Samuel Adams Just the Haze Non-Alcoholic IPA, Cans",$13.99/ea,$3.11/pt,"6ct, 12fl oz ea",30,,https://www.freshdirect.com/supergro/beer/sc/beer_non_alcoholic/p/gro_pid_4018921
"Beer, Non-Alcoholic",Athletic Brewing Co.,"Athletic Brewing Co. Upside Dawn Non-Alcoholic Golden, Cans",$22.99/ea,$2.55/pt,"12ct, 12fl oz ea",29,,https://www.freshdirect.com/supergro/beer/sc/beer_non_alcoholic/p/gro_pid_4019242
"Beer, Non-Alcoholic",Lyre's,"Lyre's Non-Alcoholic G&T, Cans",$17.99/ea,$8.52/pt,"4ct, 8.45fl oz ea",28,,https://www.freshdirect.com/supergro/beer/sc/beer_non_alcoholic/p/gro_pid_4019000
"Beer, Non-Alcoholic",Stella Artois,"Stella Artois Liberté 0.0 Alcohol Free Beer, Glass Bottles",$12.99/ea,$3.09/pt,"6ct, 11.2fl oz ea",27,,https://www.freshdirect.com/supergro/beer/sc/beer_non_alcoholic/p/gro_pid_4018257
"Beer, Non-Alcoholic",Hoplark,"Hoplark 0.0 Non-Alcoholic Hopped Brew, Citra, Cans",$12.99/ea,$2.89/pt,"6ct, 12fl oz ea",26,,https://www.freshdirect.com/supergro/beer/sc/beer_non_alcoholic/p/gro_pid_4019210
"Beer, Non-Alcoholic",Athletic Brewing Co.,"Athletic Brewing Co. All Out Non-Alcoholic Stout, Cans",$12.99/ea,$2.89/pt,"6ct, 12fl oz ea",25,,https://www.freshdirect.com/supergro/beer/sc/beer_non_alcoholic/p/gro_pid_4018735
"Beer, Non-Alcoholic",Ghia,"Ghia Le Spritz Non-Alcoholic, Can",$6.99/ea,$13.98/pt,8fl oz,24,,https://www.freshdirect.com/supergro/beer/sc/beer_non_alcoholic/p/gro_pid_4019535
"Beer, Non-Alcoholic",Corona,"Corona Non-Alcoholic Beer, Glass Bottles",$12.99/ea,$2.89/pt,"6ct, 12fl oz ea",23,,https://www.freshdirect.com/supergro/beer/sc/beer_non_alcoholic/p/gro_pid_4019141
"Beer, Non-Alcoholic",O'Doul's,"O'Doul's Non-Alcoholic Beer, Glass Bottles",$12.99/ea,$2.89/pt,"6ct, 12fl oz ea",22,,https://www.freshdirect.com/supergro/beer/sc/beer_non_alcoholic/p/beer_odouls_sxbt
"Beer, Non-Alcoholic",Budweiser,"Budweiser Zero, Cans",$18.99/ea,$2.11/pt,"12ct, 12fl oz ea",21,,https://www.freshdirect.com/supergro/beer/sc/beer_non_alcoholic/p/gro_pid_4016602
"Beer, Non-Alcoholic",Athletic Brewing Co.,"Athletic Brewing Co. Run Wild Non-Alcoholic IPA, Cans",$22.99/ea,$2.55/pt,"12ct, 12fl oz ea",20,,https://www.freshdirect.com/supergro/beer/sc/beer_non_alcoholic/p/gro_pid_4019241
"Beer, Non-Alcoholic",Brooklyn Brewery,"Brooklyn Brewery Special Effects Non-Alcoholic IPA, Cans",$12.99/ea,$2.89/pt,"6ct, 12fl oz ea",19,,https://www.freshdirect.com/supergro/beer/sc/beer_non_alcoholic/p/gro_pid_4016859
"Beer, Non-Alcoholic",Clausthaler,"Clausthaler Grapefruit Non-Alcoholic Beer, Glass Bottles",$10.99/ea,$2.62/pt,"6ct, 11.2fl oz ea",18,,https://www.freshdirect.com/supergro/beer/sc/beer_non_alcoholic/p/gro_pid_4016230
"Beer, Non-Alcoholic",,Noughty Organic Non-Alcoholic Sparkling Chardonnay,$22.99/ea,$30.65/l,750ml,17,,https://www.freshdirect.com/supergro/beer/sc/beer_non_alcoholic/p/gro_pid_4019050
"Beer, Non-Alcoholic",Lagunitas,"Lagunitas IPNA Non-Alcoholic IPA, Glass Bottles",$13.99/ea,$3.11/pt,"6ct, 12fl oz ea",16,,https://www.freshdirect.com/supergro/beer/sc/beer_non_alcoholic/p/gro_pid_4016849
"Beer, Non-Alcoholic",Clausthaler,"Clausthaler Dry Hopped Non-Alcoholic Beer, Glass Bottles",$10.99/ea,$2.44/pt,"6ct, 12fl oz ea",15,,https://www.freshdirect.com/supergro/beer/sc/beer_non_alcoholic/p/gro_pid_4015367
"Beer, Non-Alcoholic",Beck's,"Beck's Non-Alcoholic Beer, Glass Bottles",$11.99/ea,$2.66/pt,"6ct, 12fl oz ea",14,,https://www.freshdirect.com/supergro/beer/sc/beer_non_alcoholic/p/beer_haake_sxbt
"Beer, Non-Alcoholic",Brooklyn Brewery,"Brooklyn Brewery Special Effects Non-Alcoholic Hoppy Brew, Cans",$12.99/ea,$2.89/pt,"6ct, 12fl oz ea",13,,https://www.freshdirect.com/supergro/beer/sc/beer_non_alcoholic/p/gro_pid_4015917
"Beer, Non-Alcoholic",Wölffer Estate,"Wölffer Estate Spring In A Bottle Non-Alcoholic Sparkling Rosé, Glass Bottle",$24.99/ea,$33.32/l,750ml,12,,https://www.freshdirect.com/supergro/beer/sc/beer_non_alcoholic/p/gro_pid_4018920
"Beer, Non-Alcoholic",Athletic Brewing Co.,"Athletic Brewing Co. Lite Non-Alcoholic Lager, Cans",$12.99/ea,$2.89/pt,"6ct, 12fl oz ea",11,,https://www.freshdirect.com/supergro/beer/sc/beer_non_alcoholic/p/gro_pid_4018919
"Beer, Non-Alcoholic",Guinness,"Guinness 0.0 Non-Alcoholic Irish Stout, Cans",$11.99/ea,$3.22/pt,"4ct, 14.9fl oz ea",10,,https://www.freshdirect.com/supergro/beer/sc/beer_non_alcoholic/p/gro_pid_4018202
"Beer, Non-Alcoholic",The Spare Food Co.,"The Spare Food Co. Probiotic Sparkling Tonic, Cucumber & Lime, Can",$3.99/ea,$5.32/pt,12fl oz,9,,https://www.freshdirect.com/supergro/beer/sc/beer_non_alcoholic/p/dai_pid_2005272
"Beer, Non-Alcoholic",Athletic Brewing Co.,"Athletic Brewing Co. Cerveza Atletica Non-Alcoholic Light Copper, Cans",$12.99/ea,$2.89/pt,"6ct, 12fl oz ea",8,,https://www.freshdirect.com/supergro/beer/sc/beer_non_alcoholic/p/gro_pid_4018208
"Beer, Non-Alcoholic",Clausthaler,"Clausthaler Original Non-Alcoholic Beer, Glass Bottles",$10.99/ea,$2.44/pt,"6ct, 12fl oz ea",7,,https://www.freshdirect.com/supergro/beer/sc/beer_non_alcoholic/p/gro_pid_4011145
"Beer, Non-Alcoholic",Athletic Brewing Co.,"Athletic Brewing Co. Free Wave Non-Alcoholic Hazy IPA, Cans",$12.99/ea,$2.89/pt,"6ct, 12fl oz ea",6,,https://www.freshdirect.com/supergro/beer/sc/beer_non_alcoholic/p/gro_pid_4017998
"Beer, Non-Alcoholic",The Spare Food Co.,"The Spare Food Co. Probiotic Sparkling Tonic, Lemon & Ginger, Can",$3.99/ea,$5.32/pt,12fl oz,5,,https://www.freshdirect.com/supergro/beer/sc/beer_non_alcoholic/p/dai_pid_2005273
"Beer, Non-Alcoholic",Heineken,"Heineken 0.0 Alcohol Free Beer, Glass Bottles",$12.99/ea,$3.09/pt,"6ct, 11.2fl oz ea",4,,https://www.freshdirect.com/supergro/beer/sc/beer_non_alcoholic/p/gro_pid_4015274
"Beer, Non-Alcoholic",The Spare Food Co.,"The Spare Food Co. Probiotic Sparkling Tonic, Blueberry & Ginger, Can",$3.99/ea,$5.32/pt,12fl oz,3,,https://www.freshdirect.com/supergro/beer/sc/beer_non_alcoholic/p/dai_pid_2005271
"Beer, Non-Alcoholic",Athletic Brewing Co.,"Athletic Brewing Co. Upside Dawn Non-Alcoholic Golden, Cans",$12.99/ea,$2.89/pt,"6ct, 12fl oz ea",2,,https://www.freshdirect.com/supergro/beer/sc/beer_non_alcoholic/p/gro_pid_4016851
"Beer, Non-Alcoholic",Athletic Brewing Co.,"Athletic Brewing Co. Run Wild Non-Alcoholic IPA, Cans",$12.99/ea,$2.89/pt,"6ct, 12fl oz ea",1,,https://www.freshdirect.com/supergro/beer/sc/beer_non_alcoholic/p/gro_pid_4015667
"Beer, Imported",Guinness,"Guinness Irish Dry Stout, Glass Bottles",,,,,yes,https://www.freshdirect.com/supergro/beer/sc/beer_imported/p/spe_gnss_zcs_1
"Beer, Imported",Estrella Damm,"Estrella Damm Daura Gluten-Removed Lager, Glass Bottles",,,,,yes,https://www.freshdirect.com/supergro/beer/sc/beer_imported/p/gro_pid_4201371
"Beer, Imported",Estrella Damm,"Estrella Damm Daura Gluten-Removed Lager, Glass Bottles",,,,,yes,https://www.freshdirect.com/supergro/beer/sc/beer_imported/p/gro_pid_4007231
"Beer, Imported",Guinness,"Guinness Irish Dry Stout, Glass Bottles",,,,,yes,https://www.freshdirect.com/supergro/beer/sc/beer_imported/p/beer_guinness_dra_sxbt
"Beer, Imported",Schöfferhofer,"Schöfferhofer Grapefruit Hefeweizen, Glass Bottles",$59.96/cs,$3.57/pt,"24ct, 11.2fl oz ea",64,,https://www.freshdirect.com/supergro/beer/sc/beer_imported/p/gro_pid_4201457
"Beer, Imported",Leffe,"Leffe Blonde Belgian Pale Ale, Glass Bottles",$53.16/cs,$2.95/pt,"24ct, 11.2fl oz ea",63,,https://www.freshdirect.com/supergro/beer/sc/beer_imported/p/spe_lefffe_zcs_1
"Beer, Imported",Hoegaarden,"Hoegaarden Belgian White Ale, Glass Bottles",$53.16/cs,$2.95/pt,"24ct, 11.2fl oz ea",62,,https://www.freshdirect.com/supergro/beer/sc/beer_imported/p/spe_hgrdn_zcs_1
"Beer, Imported",Tsingtao,"Tsingtao Premium Lager, Glass Bottles",$14.99/ea,$3.33/pt,"6ct, 12fl oz ea",61,,https://www.freshdirect.com/supergro/beer/sc/beer_imported/p/gro_pid_4013930
"Beer, Imported",Radeberger,"Radeberger Pilsner, Glass Bottles",$53.16/cs,$2.95/pt,"24ct, 11.2fl oz ea",60,,https://www.freshdirect.com/supergro/beer/sc/beer_imported/p/gro_pid_4201466
"Beer, Imported",Guinness,"Guinness Extra Dry Stout, Glass Bottles",$53.16/cs,$3.16/pt,"24ct, 11.2fl oz ea",59,,https://www.freshdirect.com/supergro/beer/sc/beer_imported/p/gro_gnness_zcs_02
"Beer, Imported",Modelo,"Modelo Negra Lager, Glass Bottles",$49.36/cs,$2.74/pt,"24ct, 12fl oz ea",58,,https://www.freshdirect.com/supergro/beer/sc/beer_imported/p/spe_negra_zcs_1
"Beer, Imported",Red Stripe,"Red Stripe Lager, Glass Bottles",$45.56/cs,$2.53/pt,"24ct, 11.2fl oz ea",57,,https://www.freshdirect.com/supergro/beer/sc/beer_imported/p/spe_rdstrp_zcs_1
"Beer, Imported",Amstel,"Amstel Light Lager, Glass Bottles",$49.36/cs,$2.74/pt,"24ct, 12fl oz ea",56,,https://www.freshdirect.com/supergro/beer/sc/beer_imported/p/gro_pid_4201370
"Beer, Imported",Modelo,"Modelo Oro Light Lager, Cans",$24.99/ea,f$2.78/pt,"12ct, 12fl oz ea",55,,https://www.freshdirect.com/supergro/beer/sc/beer_imported/p/gro_pid_4019143
"Beer, Imported",Pacific,"Pacifico Pilsner, Glass Bottles",$53.16/cs,$2.95/pt,"24ct, 12fl oz ea",54,,https://www.freshdirect.com/supergro/beer/sc/beer_imported/p/gro_pid_4201363
"Beer, Imported",Pacific,"Pacifico Clara Lager, Cans",$24.99/ea,$2.78/pt,"12ct, 12fl oz ea",53,,https://www.freshdirect.com/supergro/beer/sc/beer_imported/p/gro_pid_4019142
"Beer, Imported",Modelo,"Modelo Especial Lager, Can",$4.99/ea,$3.33/pt,24fl oz,52,,https://www.freshdirect.com/supergro/beer/sc/beer_imported/p/gro_pid_4018401
"Beer, Imported",Chimay,"Chimay Grande Reserve Dark Ale, Glass Bottle",$22.99/ea,$14.74/pt,25fl oz,51,,https://www.freshdirect.com/supergro/beer/sc/beer_imported/p/beer_chimay_res_twtyfv
"Beer, Imported",Sapporo,"Sapporo Premium Lager, Glass Bottles",$53.16/cs,$2.95/pt,"24ct, 12fl oz ea",50,,https://www.freshdirect.com/supergro/beer/sc/beer_imported/p/spe_sapporo_cs
"Beer, Imported",Duvel,"Duvel Belgian Strong Pale Ale, Glass Bottle",$16.99/ea,$10.89/pt,25fl oz,49,,https://www.freshdirect.com/supergro/beer/sc/beer_imported/p/beer_duvel_twntysvn
"Beer, Imported",Carlsberg,"Carlsberg Pilsner, Cans",$22.99/ea,$1.81/pt,"12ct, 16.9fl oz ea",48,,https://www.freshdirect.com/supergro/beer/sc/beer_imported/p/gro_pid_4019184
"Beer, Imported",Pilsner Urquell,"Pilsner Urquell Lager, Glass Bottles",$49.36/cs,$2.74/pt,"24ct, 11.2fl oz ea",47,,https://www.freshdirect.com/supergro/beer/sc/beer_imported/p/spe_plsnr_zcs_1
"Beer, Imported",Heineken,"Heineken Light Lager, Glass Bottles",$49.36/cs,$2.74/pt,"24ct, 12fl oz ea",46,,https://www.freshdirect.com/supergro/beer/sc/beer_imported/p/spe_hnken_lt6pkcs
"Beer, Imported",Corona,"Corona Light Lager, Glass Bottles",$49.36/cs,$2.74/pt,"24ct, 12fl oz ea",45,,https://www.freshdirect.com/supergro/beer/sc/beer_imported/p/gro_pid_4201356
"Beer, Imported",Modelo,"Modelo Especial Lager, Glass Bottles",$49.36/cs,$2.74/pt,"24ct, 12fl oz ea",44,,https://www.freshdirect.com/supergro/beer/sc/beer_imported/p/gro_pid_4201362
"Beer, Imported",Guinness,"Guinness Pub Draught Irish Dry Stout, Cans",$68.34/cs,$3.06/pt,"24ct, 14.9fl oz ea",43,,https://www.freshdirect.com/supergro/beer/sc/beer_imported/p/gro_gnness_zcs_01
"Beer, Imported",Dos Equis,"Dos Equis Lager Especial, Glass Bottles",$12.99/ea,$2.89/pt,"6ct, 12fl oz ea",42,,https://www.freshdirect.com/supergro/beer/sc/beer_imported/p/gro_pid_4017959
"Beer, Imported",Tecate,"Tecate Beer, Cans",$16.99/ea,$1.89/pt,"12ct, 12fl oz ea",41,,https://www.freshdirect.com/supergro/beer/sc/beer_imported/p/gro_pid_4013991
"Beer, Imported",Amstel,"Amstel Light Lager, Glass Bottles",$24.99/ea,$2.78/pt,"12ct, 12fl oz ea",40,,https://www.freshdirect.com/supergro/beer/sc/beer_imported/p/beer_amstel_light_twlvbt
"Beer, Imported",Peroni,"Peroni Lager, Glass Bottles",$49.36/cs,$2.74/pt,"24ct, 11.2fl oz ea",39,,https://www.freshdirect.com/supergro/beer/sc/beer_imported/p/spe_peroni_zcs_1
"Beer, Imported",Stella Artois,"Stella Artois Liberté 0.0 Alcohol Free Beer, Glass Bottles",$12.99/ea,$3.09/pt,"6ct, 11.2fl oz ea",38,,https://www.freshdirect.com/supergro/beer/sc/beer_imported/p/gro_pid_4018257
"Beer, Imported",Heineken,"Heineken Lager, Glass Bottles",$49.36/cs,$2.74/pt,"24ct, 12fl oz ea",37,,https://www.freshdirect.com/supergro/beer/sc/beer_imported/p/gro_pid_4201367
"Beer, Imported",Corona,"Corona Extra Lager, Cans",$24.99/ea,$2.78/pt,"12ct, 12fl oz ea",36,,https://www.freshdirect.com/supergro/beer/sc/beer_imported/p/gro_pid_4012541
"Beer, Imported",Corona,"Corona Extra Coronitas, Glass Bottles",$8.99/ea,$3.42/pt,"6ct, 7fl oz ea",35,,https://www.freshdirect.com/supergro/beer/sc/beer_imported/p/gro_pid_4013923
"Beer, Imported",Modelo,"Modelo Especial Lager, Glass Bottles",$24.99/ea,$2.78/pt,"12ct, 12fl oz ea",34,,https://www.freshdirect.com/supergro/beer/sc/beer_imported/p/gro_pid_4013984
"Beer, Imported",Schöfferhofer,"Schöfferhofer Grapefruit Hefeweizen, Glass Bottles",$14.99/ea,$3.57/pt,"6ct, 11.2fl oz ea",33,,https://www.freshdirect.com/supergro/beer/sc/beer_imported/p/gro_pid_4008144
"Beer, Imported",Radeberger,"Radeberger Pilsner, Glass Bottles",$13.99/ea,$3.33/pt,"6ct, 11.2fl oz ea",32,,https://www.freshdirect.com/supergro/beer/sc/beer_imported/p/spe_radeb_plsnr6
"Beer, Imported",Heineken,"Heineken Light Lager, Glass Bottles",$12.99/ea,$2.89/pt,"6ct, 12fl oz ea",31,,https://www.freshdirect.com/supergro/beer/sc/beer_imported/p/spe_hnknlt_6pk
"Beer, Imported",Corona,"Corona Extra Lager, Glass Bottles",$49.36/cs,$2.74/pt,"24ct, 12fl oz ea",30,,https://www.freshdirect.com/supergro/beer/sc/beer_imported/p/gro_pid_4201361
"Beer, Imported",Stella Artois,"Stella Artois Lager, Glass Bottles",$53.16/cs,$3.47/pt,"24ct, 11.2fl oz ea",29,,https://www.freshdirect.com/supergro/beer/sc/beer_imported/p/spe_stella_cs
"Beer, Imported",Kirin Ichiban,"Kirin Ichiban Lager, Glass Bottles",$13.99/ea,$3.11/pt,"6ct, 12fl oz ea",28,,https://www.freshdirect.com/supergro/beer/sc/beer_imported/p/gro_pid_4010264
"Beer, Imported",Corona,"Corona Premier Lager, Glass Bottles",$12.99/ea,$2.89/pt,"6ct, 12fl oz ea",27,,https://www.freshdirect.com/supergro/beer/sc/beer_imported/p/gro_pid_4015272
"Beer, Imported",Amstel,"Amstel Light Lager, Glass Bottles",$12.99/ea,$2.89/pt,"6ct, 12fl oz ea",26,,https://www.freshdirect.com/supergro/beer/sc/beer_imported/p/beer_amstel_light_sxbt
"Beer, Imported",Hoegaarden,"Hoegaarden Belgian White Ale, Glass Bottles",$13.99/ea,$3.11/pt,"6ct, 11.2fl oz ea",25,,https://www.freshdirect.com/supergro/beer/sc/beer_imported/p/beer_hoegaar_twlv
"Beer, Imported",Sapporo,"Sapporo Premium Lager, Can",$4.99/ea,$3.63/pt,22fl oz,24,,https://www.freshdirect.com/supergro/beer/sc/beer_imported/p/gro_pid_4010266
"Beer, Imported",Red Stripe,"Red Stripe Lager, Glass Bottles",$11.99/ea,$2.66/pt,"6ct, 11.2fl oz ea",23,,https://www.freshdirect.com/supergro/beer/sc/beer_imported/p/beer_redstripe_sxbt
"Beer, Imported",Modelo,"Modelo Negra Lager, Glass Bottles",$12.99/ea,$2.89/pt,"6ct, 12fl oz ea",22,,https://www.freshdirect.com/supergro/beer/sc/beer_imported/p/beer_modelo_neg_sxbt
"Beer, Imported",Leffe,"Leffe Blonde Belgian Ale, Glass Bottles",$13.99/ea,$3.11/pt,"6ct, 11.2fl oz ea",21,,https://www.freshdirect.com/supergro/beer/sc/beer_imported/p/spe_leffe_blndblgn
"Beer, Imported",Carlsberg,"Carlsberg Pilsner, Cans",$8.99/ea,$2.13/pt,"4ct, 16.9fl oz ea",20,,https://www.freshdirect.com/supergro/beer/sc/beer_imported/p/gro_pid_4012816
"Beer, Imported",Pacific,"Pacifico Pilsner, Glass Bottles",$13.99/ea,$3.11/pt,"6ct, 12fl oz ea",19,,https://www.freshdirect.com/supergro/beer/sc/beer_imported/p/spe_pacifico_6pk
"Beer, Imported",Heineken,"Heineken Lager, Glass Bottles",$12.99/ea,$2.89/pt,"6ct, 12fl oz ea",18,,https://www.freshdirect.com/supergro/beer/sc/beer_imported/p/beer_heineken_sxbt
"Beer, Imported",Corona,"Corona Light Lager, Glass Bottles",$24.99/ea,$2.78/pt,"12ct, 12fl oz ea",17,,https://www.freshdirect.com/supergro/beer/sc/beer_imported/p/beer_corona_light_twlvbt
"Beer, Imported",Guinness,"Guinness Extra Dry Stout, Glass Bottles",$13.99/ea,$3.33/pt,"6ct, 11.2fl oz ea",16,,https://www.freshdirect.com/supergro/beer/sc/beer_imported/p/beer_guinness_sxbt
"Beer, Imported",Bitburger,"Bitburger Premium Lager, Cans",$8.99/ea,$2.13/pt,"4ct, 16.9fl oz ea",15,,https://www.freshdirect.com/supergro/beer/sc/beer_imported/p/gro_pid_4010692
"Beer, Imported",Pilsner Urquell,"Pilsner Urquell Lager, Glass Bottles",$13.99/ea,$3.11/pt,"6ct, 11.2fl oz ea",14,,https://www.freshdirect.com/supergro/beer/sc/beer_imported/p/beer_urquell_sxbt
"Beer, Imported",Sapporo,"Sapporo Premium Lager, Glass Bottles",$13.99/ea,$3.11/pt,"6ct, 12fl oz ea",13,,https://www.freshdirect.com/supergro/beer/sc/beer_imported/p/beer_sapporo_sxbt
"Beer, Imported",Heineken,"Heineken Lager, Glass Bottles",$24.99/ea,$2.78/pt,"12ct, 12fl oz ea",12,,https://www.freshdirect.com/supergro/beer/sc/beer_imported/p/beer_heineken_twlvbt
"Beer, Imported",Modelo,"Modelo Especial Lager, Glass Bottles",$12.99/ea,$2.89/pt,"6ct, 12fl oz ea",11,,https://www.freshdirect.com/supergro/beer/sc/beer_imported/p/gro_pid_4008122
"Beer, Imported",Peroni,"Peroni Lager, Glass Bottles",$24.99/ea,$2.78/pt,"12ct, 12fl oz ea",10,,https://www.freshdirect.com/supergro/beer/sc/beer_imported/p/gro_pid_4011138
"Beer, Imported",Modelo,"Modelo Especial Lager, Cans",$22.49/ea,$2.95/pt,"12ct, 12fl oz ea",9,,https://www.freshdirect.com/supergro/beer/sc/beer_imported/p/gro_pid_4008121
"Beer, Imported",Corona,"Corona Light Lager, Glass Bottles",$12.99/ea,$2.89/pt,"6ct, 12fl oz ea",8,,https://www.freshdirect.com/supergro/beer/sc/beer_imported/p/beer_corona_light_sxbt
"Beer, Imported",Stella Artois,"Stella Artois Lager, Cans",$23.99/ea,$2.67/pt,"12ct, 12fl oz ea",7,,https://www.freshdirect.com/supergro/beer/sc/beer_imported/p/gro_pid_4010928
"Beer, Imported",Corona,"Corona Extra Lager, Glass Bottles",$12.99/ea,$2.89/pt,"6ct, 12fl oz ea",6,,https://www.freshdirect.com/supergro/beer/sc/beer_imported/p/beer_corona_long_sxbt
"Beer, Imported",Corona,"Corona Extra Lager, Glass Bottles",$24.99/ea,$2.78/pt,"12ct, 12fl oz ea",5,,https://www.freshdirect.com/supergro/beer/sc/beer_imported/p/beer_corona_twlvbt
"Beer, Imported",Peroni,"Peroni Lager, Glass Bottles",$12.99/ea,$2.89/pt,"6ct, 11.2fl oz ea",4,,https://www.freshdirect.com/supergro/beer/sc/beer_imported/p/beer_peroni_sxbt
"Beer, Imported",Guinness,"Guinness Pub Draught Irish Dry Stout, Cans",$11.99/ea,$3.21/pt,"4ct, 14.9fl oz ea",3,,https://www.freshdirect.com/supergro/beer/sc/beer_imported/p/beer_guinness_pub_fourcan
"Beer, Imported",Stella Artois,"Stella Artois Lager, Glass Bottles",$13.99/ea,$3.33/pt,"6ct, 11.2fl oz ea",2,,https://www.freshdirect.com/supergro/beer/sc/beer_imported/p/beer_stella_sxbt
"Beer, Imported",Stella Artois,"Stella Artois Lager, Glass Bottles",$21.49/ea,$2.56/pt,"12ct, 11.2fl oz ea",1,,https://www.freshdirect.com/supergro/beer/sc/beer_imported/p/beer_stella_twlvbt
"Beer, Domestic",Budweiser,"Budweiser Lager, Glass Bottles",$41.76/cs,$2.32/pt,"24ct, 12fl oz ea",22,,https://www.freshdirect.com/supergro/beer/sc/beer_domestic/p/spe_bdwsr_6pkcase
"Beer, Domestic",Miller,"Miller Lite Lager, Glass Bottles",$37.96/cs,$2.11/pt,"24ct, 12fl oz ea",21,,https://www.freshdirect.com/supergro/beer/sc/beer_domestic/p/spe_miller_zcs_1
"Beer, Domestic",Michelob,"Michelob Ultra, Low-Carb Beer, Glass Bottles",$49.36/cs,$2.74/pt,"24ct, 12fl oz ea",20,,https://www.freshdirect.com/supergro/beer/sc/beer_domestic/p/spe_mchlb_zcs_1
"Beer, Domestic",Coors,"Coors Light Lager, Glass Bottles",$37.96/cs,$2.11/pt,"24ct, 12fl oz ea",19,,https://www.freshdirect.com/supergro/beer/sc/beer_domestic/p/spe_coors_cs
"Beer, Domestic",Bud Light,"Bud Light Lager, Glass Bottles",$41.76/cs,$2.32/pt,"24ct, 12fl oz ea",18,,https://www.freshdirect.com/supergro/beer/sc/beer_domestic/p/spe_budlite_6pkcase
"Beer, Domestic",Coors,"Coors Light Lager, Glass Bottles",$19.99/ea,$2.22/pt,"12ct, 12fl oz ea",17,,https://www.freshdirect.com/supergro/beer/sc/beer_domestic/p/gro_pid_4013973
"Beer, Domestic",Budweiser,"Budweiser Lager, Glass Bottles",$10.99/ea,$2.44/pt,"6ct, 12fl oz ea",16,,https://www.freshdirect.com/supergro/beer/sc/beer_domestic/p/beer_bud_sxbt
"Beer, Domestic",Coors,"Coors Light Lager, Glass Bottles",$9.99/ea,$2.22/pt,"6ct, 12fl oz ea",15,,https://www.freshdirect.com/supergro/beer/sc/beer_domestic/p/beer_coors_light_sxbt
"Beer, Domestic",Coors,"Coors Light Lager, Cans",$39.99/ea,$1.78/pt,"30ct, 12fl oz ea",14,,https://www.freshdirect.com/supergro/beer/sc/beer_domestic/p/gro_pid_4013972
"Beer, Domestic",Miller,"Miller Lite Lager, Glass Bottles",$9.99/ea,$2.22/pt,"6ct, 12fl oz ea",13,,https://www.freshdirect.com/supergro/beer/sc/beer_domestic/p/beer_miller_lite_sxbt
"Beer, Domestic",Pabst Blue Ribbon,"Pabst Blue Ribbon Lager, Cans",$12.99/ea,$1.44/pt,"12ct, 12fl oz ea",12,,https://www.freshdirect.com/supergro/beer/sc/beer_domestic/p/spe_pbr_12pk
"Beer, Domestic",Michelob,"Michelob Ultra Pure Gold Organic Light Lager, Glass Bottles",$12.99/ea,$2.89/pt,"6ct, 12fl oz ea",11,,https://www.freshdirect.com/supergro/beer/sc/beer_domestic/p/gro_pid_4015658
"Beer, Domestic",Michelob,"Michelob Ultra Low-Carb Lager, Cans",$26.99/ea,$2.00/pt,"18ct, 12fl oz ea",10,,https://www.freshdirect.com/supergro/beer/sc/beer_domestic/p/gro_pid_4016964
"Beer, Domestic",Bud Light,"Bud Light Lager, Glass Bottles",$10.99/ea,$2.44/pt,"6ct, 12fl oz ea",9,,https://www.freshdirect.com/supergro/beer/sc/beer_domestic/p/beer_bud_light_sxbt
"Beer, Domestic",Yuengling,"Yuengling Lager, Glass Bottles",$11.99/ea,$2.66/pt,"6ct, 12fl oz ea",8,,https://www.freshdirect.com/supergro/beer/sc/beer_domestic/p/beer_yueng_beer_sxbt
"Beer, Domestic",Michelob,"Michelob Ultra Low-Carb Lager, Glass Bottles",$12.99/ea,$2.89/pt,"6ct, 12fl oz ea",7,,https://www.freshdirect.com/supergro/beer/sc/beer_domestic/p/beer_mich_ultra_sxbt
"Beer, Domestic",Narragansett,"Narragansett Lager, Cans",$32.99/ea,$1.47/pt,"30ct, 12fl oz ea",6,,https://www.freshdirect.com/supergro/beer/sc/beer_domestic/p/gro_pid_4013483
"Beer, Domestic",Budweiser,"Budweiser Lager, Cans",$22.49/ea,$1.67/pt,"18ct, 12fl oz ea",5,,https://www.freshdirect.com/supergro/beer/sc/beer_domestic/p/beer_bud_eightncan
"Beer, Domestic",Coors,"Coors Light Lager, Cans",$24.99/ea,$1.85/pt,"18ct, 12fl oz ea",4,,https://www.freshdirect.com/supergro/beer/sc/beer_domestic/p/beer_coors_light_eightncan
"Beer, Domestic",Miller,"Miller Lite Lager, Cans",$26.99/ea,$2.00/pt,"18ct, 12fl oz ea",3,,https://www.freshdirect.com/supergro/beer/sc/beer_domestic/p/gro_pid_4012729
"Beer, Domestic",Narragansett,"Narragansett Lager, Cans",$9.99/ea,$1.67/pt,"6ct, 16fl oz ea",2,,https://www.freshdirect.com/supergro/beer/sc/beer_domestic/p/gro_pid_4010421
"Beer, Domestic",Bud Light,"Bud Light Lager, Cans",$22.49/ea,$1.67/pt,"18ct, 12fl oz ea",1,,https://www.freshdirect.com/supergro/beer/sc/beer_domestic/p/beer_bud_light_eightncan
"Beer, Craft",Bell,"Bell's Amber Ale, Glass Bottles",,,,,yes,https://www.freshdirect.com/supergro/beer/sc/beer_craft/p/gro_pid_4008974
"Beer, Craft",Dogfish Head,"Dogfish Head 90 Minute Imperial IPA, Glass Bottles",,,,,yes,https://www.freshdirect.com/supergro/beer/sc/beer_craft/p/spe_dgfsh_90mnipa
"Beer, Craft",Sixpoint Brewery,"Sixpoint Brewery Wintry Fix Winter Lager, Cans",$11.99/ea,$2.66/pt,"6ct, 12fl oz ea",128,,https://www.freshdirect.com/supergro/beer/sc/beer_craft/p/gro_pid_4019931
"Beer, Craft",Fiddlehead Brewing,"Fiddlehead Brewing Hazy IPA, Cans",$14.99/ea,$3.33/pt,"6ct, 12fl oz ea",127,,https://www.freshdirect.com/supergro/beer/sc/beer_craft/p/gro_pid_4020003
"Beer, Craft",Goose Island,"Goose Island 312 Urban Wheat Ale, Glass Bottles",$53.16/cs,$2.95/pt,"24ct, 12fl oz ea",126,,https://www.freshdirect.com/supergro/beer/sc/beer_craft/p/gro_pid_4201462
"Beer, Craft",Peak Organic,"Peak Organic IPA, Glass Bottles",$53.16/cs,$2.95/pt,"24ct, 12fl oz ea",125,,https://www.freshdirect.com/supergro/beer/sc/beer_craft/p/gro_pid_4201503
"Beer, Craft",EBBS Brewing Co.,"EBBS Brewing Co. Kolsch No. 2, Cans",$14.99/ea,$3.33/pt,"6ct, 12fl oz ea",124,,https://www.freshdirect.com/supergro/beer/sc/beer_craft/p/gro_pid_4019912
"Beer, Craft",Bronx Brewery,"Bronx Brewery American Pale Ale, Cans",$60.76/cs,$3.38/pt,"24ct, 12fl oz ea",123,,https://www.freshdirect.com/supergro/beer/sc/beer_craft/p/gro_pid_4201358
"Beer, Craft",Allagash,"Allagash White Beer, Cans",$14.99/ea,$3.33/pt,"6ct, 12fl oz ea",122,,https://www.freshdirect.com/supergro/beer/sc/beer_craft/p/gro_pid_4019934
"Beer, Craft",EBBS Brewing Co.,"EBBS Brewing Co. Lager No. 1, Cans",$14.99/ea,$3.33/pt,"6ct, 12fl oz ea",121,,https://www.freshdirect.com/supergro/beer/sc/beer_craft/p/gro_pid_4019911
"Beer, Craft",Industrial Arts Brewing Company,"Industrial Arts Brewing Company Metric Pils, Cans",$16.99/ea,$4.25/pt,"4ct, 16fl oz ea",120,,https://www.freshdirect.com/supergro/beer/sc/beer_craft/p/gro_pid_4019358
"Beer, Craft",Victory Brewing Co.,"Victory Brewing Co. Berry Monkey Fruited Sour Tripel, Glass Bottles",$16.99/ea,$3.78/pt,"6ct, 12fl oz ea",119,,https://www.freshdirect.com/supergro/beer/sc/beer_craft/p/gro_pid_4018261
"Beer, Craft",Sixpoint Brewery,"Sixpoint Brewery Sweet Action Pale Ale, Cans",$45.56/cs,$2.53/pt,"24ct, 12fl oz ea",118,,https://www.freshdirect.com/supergro/beer/sc/beer_craft/p/gro_pid_4201511
"Beer, Craft",Dogfish Head,"Dogfish Head 60 Minute IPA, Glass Bottles",$53.16/cs,$2.95/pt,"24ct, 12fl oz ea",117,,https://www.freshdirect.com/supergro/beer/sc/beer_craft/p/gro_pid_4201492
"Beer, Craft",Harpoon,"Harpoon India Pale Ale, Glass Bottles",$45.56/cs,$2.53/pt,"24ct, 12fl oz ea",116,,https://www.freshdirect.com/supergro/beer/sc/beer_craft/p/spe_hrpn_zcs_1
"Beer, Craft",New Belgium Brewing,"New Belgium Brewing Voodoo Ranger IPA, Cans",$12.99/ea,$2.89/pt,"6ct, 12fl oz ea",115,,https://www.freshdirect.com/supergro/beer/sc/beer_craft/p/gro_pid_4019398
"Beer, Craft",Lawson's,"Lawson's Hazy Rays IPA, Cans",$17.99/ea,$4.50/pt,"4ct, 16fl oz ea",114,,https://www.freshdirect.com/supergro/beer/sc/beer_craft/p/gro_pid_4019359
"Beer, Craft",Lagunitas,"Lagunitas Maximus Colossal Double IPA, Cans",$24.99/ea,$2.78/pt,"12ct, 12fl oz ea",113,,https://www.freshdirect.com/supergro/beer/sc/beer_craft/p/gro_pid_4019186
"Beer, Craft",Magic Hat,"Magic Hat Number 9 Pale Ale, Glass Bottles",$49.36/cs,$2.74/pt,"24ct, 12fl oz ea",112,,https://www.freshdirect.com/supergro/beer/sc/beer_craft/p/spe_mgcht_zcs_2
"Beer, Craft",Brooklyn Brewery,"Brooklyn Brewery Pulp Art Imperial IPA, Cans",$12.99/ea,$2.89/pt,"6ct, 12fl oz ea",111,,https://www.freshdirect.com/supergro/beer/sc/beer_craft/p/gro_pid_4019252
"Beer, Craft",Bronx Brewery,"Bronx Brewery City Island Sour IPA, Cans",$16.99/ea,$4.25/pt,"4ct, 16fl oz ea",110,,https://www.freshdirect.com/supergro/beer/sc/beer_craft/p/gro_pid_4016065
"Beer, Craft",New Belgium Brewing,"New Belgium Brewing Fat Tire Ale, Glass Bottles",$53.16/cs,$2.95/pt,"24ct, 12fl oz ea",109,,https://www.freshdirect.com/supergro/beer/sc/beer_craft/p/gro_pid_4201500
"Beer, Craft",Shiner,"Shiner Bock Beer, Glass Bottles",$49.36/cs,$2.74/pt,"24ct, 12fl oz ea",108,,https://www.freshdirect.com/supergro/beer/sc/beer_craft/p/gro_pid_4201365
"Beer, Craft",New Belgium Brewing,"New Belgium Brewing Voodoo Ranger Hoppy Variety Pack, Cans",$23.99/ea,$2.67/pt,"12ct, 12fl oz ea",107,,https://www.freshdirect.com/supergro/beer/sc/beer_craft/p/gro_pid_4019388
"Beer, Craft",Bronx Brewery,"Bronx Brewery Smile My Guy Happy Hoppy IPA, Cans",$16.99/ea,$4.25/pt,"4ct, 16fl oz ea",106,,https://www.freshdirect.com/supergro/beer/sc/beer_craft/p/gro_pid_4017902
"Beer, Craft",Founders Brewing Company,"Founders Brewing Company All Day Variety Pack, Cans",$23.99/ea,$2.67/pt,"12ct, 12fl oz ea",105,,https://www.freshdirect.com/supergro/beer/sc/beer_craft/p/gro_pid_4019360
"Beer, Craft",Sierra Nevada,"Sierra Nevada Big Little Thing Imperial IPA, Cans",$13.99/ea,$3.11/pt,"6ct, 12fl oz ea",104,,https://www.freshdirect.com/supergro/beer/sc/beer_craft/p/gro_pid_4018213
"Beer, Craft",Talea Beer Co.,"Talea Beer Co. Lite Lager, Cans",$17.99/ea,$4.00/pt,"6ct, 12fl oz ea",103,,https://www.freshdirect.com/supergro/beer/sc/beer_craft/p/gro_pid_4019408
"Beer, Craft",Oxbow Brewing Co.,"Oxbow Brewing Co. Luppolo Dry-Hopped Pilsner, Cans",$19.99/ea,$5.00/pt,"4ct, 16fl oz ea",102,,https://www.freshdirect.com/supergro/beer/sc/beer_craft/p/gro_pid_4016626
"Beer, Craft",Sixpoint Brewery,"Sixpoint Brewery Bengali IPA, Cans",$45.56/cs,$2.53/pt,"24ct, 12fl oz ea",101,,https://www.freshdirect.com/supergro/beer/sc/beer_craft/p/gro_pid_4201510
"Beer, Craft",Victory Brewing Co.,"Victory Brewing Co. Sour Monkey, Glass Bottles",$16.99/ea,$3.78/pt,"6ct, 12fl oz ea",100,,https://www.freshdirect.com/supergro/beer/sc/beer_craft/p/gro_pid_4013485
"Beer, Craft",Goose Island,"Goose Island India Pale Ale, Glass Bottles",$53.16/cs,$2.95/pt,"24ct, 12fl oz ea",99,,https://www.freshdirect.com/supergro/beer/sc/beer_craft/p/gro_pid_4201461
"Beer, Craft",Blue Moon,"Blue Moon Moon Haze Pale Ale, Cans",$13.99/ea,$3.11/pt,"6ct, 12fl oz ea",98,,https://www.freshdirect.com/supergro/beer/sc/beer_craft/p/gro_pid_4019387
"Beer, Craft",Goose Island,"Goose Island 312 Urban Wheat Ale, Glass Bottles",$13.99/ea,$3.33/pt,"6ct, 12fl oz ea",97,,https://www.freshdirect.com/supergro/beer/sc/beer_craft/p/gro_pid_4007239
"Beer, Craft",Sixpoint Brewery,"Sixpoint Brewery The Crisp Pilz, Cans",$45.56/cs,$2.53/pt,"24ct, 12fl oz ea",96,,https://www.freshdirect.com/supergro/beer/sc/beer_craft/p/gro_pid_4201512
"Beer, Craft",Blue Point,"Blue Point Toasted Lager, Cans",$53.16/cs,$2.95/pt,"24ct, 12fl oz ea",95,,https://www.freshdirect.com/supergro/beer/sc/beer_craft/p/spe_blpt_zcs_2
"Beer, Craft",Barrier Brewing,"Barrier Brewing Money IPA, Cans",$19.99/ea,$5.00/pt,"4ct, 16fl oz ea",94,,https://www.freshdirect.com/supergro/beer/sc/beer_craft/p/gro_pid_4014596
"Beer, Craft",Fiddlehead Brewing,"Fiddlehead Brewing Hazy IPA, Cans",$24.99/ea,$2.78/pt,"12ct, 12fl oz ea",93,,https://www.freshdirect.com/supergro/beer/sc/beer_craft/p/gro_pid_4019185
"Beer, Craft",Sierra Nevada,"Sierra Nevada Pale Ale, Glass Bottles",$45.56/cs,$2.53/pt,"24ct, 12fl oz ea",92,,https://www.freshdirect.com/supergro/beer/sc/beer_craft/p/spe_sierra_plal6pkcs
"Beer, Craft",Shiner,"Shiner Brewery Taproom Variety Pack, Cans",$12.99/ea,$2.89/pt,"6ct, 12fl oz ea",91,,https://www.freshdirect.com/supergro/beer/sc/beer_craft/p/gro_pid_4016529
"Beer, Craft",Bronx Brewery,"Bronx Brewery No Resolutions IPA, Cans",$15.99/ea,$3.55/pt,"6ct, 12fl oz ea",90,,https://www.freshdirect.com/supergro/beer/sc/beer_craft/p/gro_pid_4012420
"Beer, Craft",Founders Brewing Company,"Founders Brewing Company Centennial IPA, Cans",$27.99/ea,$2.49/pt,"15ct, 12fl oz ea",89,,https://www.freshdirect.com/supergro/beer/sc/beer_craft/p/gro_pid_4016598
"Beer, Craft",Talea Beer Co.,"Talea Beer Co. Pick Me Up Hazy IPA, Cans",$19.99/ea,$5.00/pt,"4ct, 16fl oz ea",88,,https://www.freshdirect.com/supergro/beer/sc/beer_craft/p/gro_pid_4019407
"Beer, Craft",Sierra Nevada,"Sierra Nevada Little Things Party Pack, Cans",$23.99/ea,$2.67/pt,"12ct, 12fl oz ea",87,,https://www.freshdirect.com/supergro/beer/sc/beer_craft/p/gro_pid_4018832
"Beer, Craft",Bronx Brewery,"Bronx Brewery American Pale Ale, Cans",$15.99/ea,$3.55/pt,"6ct, 12fl oz ea",86,,https://www.freshdirect.com/supergro/beer/sc/beer_craft/p/gro_pid_4010348
"Beer, Craft",Collective Arts Brewing,"Collective Arts Brewing Guava Gose, Cans",$18.99/ea,$6.33/pt,"4ct, 12fl oz ea",85,,https://www.freshdirect.com/supergro/beer/sc/beer_craft/p/gro_pid_4016628
"Beer, Craft",Ommegang,"Ommegang Witte Ale, Glass Bottles",$16.99/ea,$3.78/pt,"6ct, 12fl oz ea",84,,https://www.freshdirect.com/supergro/beer/sc/beer_craft/p/gro_pid_4010687
"Beer, Craft",Ommegang,"Ommegang Neon Rainbows New England-Style IPA, Cans",$19.99/ea,$5.00/pt,"4ct, 16fl oz ea",83,,https://www.freshdirect.com/supergro/beer/sc/beer_craft/p/gro_pid_4017381
"Beer, Craft",Ghostfish Brewing Company,"Ghostfish Brewing Company Shrouded Summit Gluten-Free Belgian White Ale, Cans",$14.99/ea,$5.00/pt,"4ct, 12fl oz ea",82,,https://www.freshdirect.com/supergro/beer/sc/beer_craft/p/gro_pid_4019536
"Beer, Craft",Sixpoint Brewery,"Sixpoint Brewery The Crisp Pilz, Cans",$21.99/ea,$2.44/pt,"12ct, 12fl oz ea",81,,https://www.freshdirect.com/supergro/beer/sc/beer_craft/p/gro_pid_4019265
"Beer, Craft",Samuel Adams,"Samuel Adams Boston Lager, Glass Bottles",$53.16/cs,$2.95/pt,"24ct, 12fl oz ea",80,,https://www.freshdirect.com/supergro/beer/sc/beer_craft/p/spe_sam_cs
"Beer, Craft",Singlecut Beersmiths,"Singlecut Beersmiths 18-Watt IPA, Cans",$17.99/ea,$4.50/pt,"4ct, 16fl oz ea",79,,https://www.freshdirect.com/supergro/beer/sc/beer_craft/p/gro_pid_4018113
"Beer, Craft",Threes Brewing,"Threes Brewing All or Nothing West Coast IPA, Cans",$18.99/ea,$4.75/pt,"4ct, 16fl oz ea",78,,https://www.freshdirect.com/supergro/beer/sc/beer_craft/p/gro_pid_4019266
"Beer, Craft",Talea Beer Co.,"Talea Beer Co. Peach Berry Punch Sour Ale, Cans",$22.99/ea,$5.75/pt,"4ct, 16fl oz ea",77,,https://www.freshdirect.com/supergro/beer/sc/beer_craft/p/gro_pid_4018106
"Beer, Craft",Singlecut Beersmiths,"Singlecut Beersmiths Weird & Gilly Double Dry Hop IPA, Cans",$19.99/ea,$5.00/pt,"4ct, 16fl oz ea",76,,https://www.freshdirect.com/supergro/beer/sc/beer_craft/p/gro_pid_4016148
"Beer, Craft",Lagunitas,"Lagunitas IPA, Glass Bottles",$49.36/cs,$2.74/pt,"24ct, 12fl oz ea",75,,https://www.freshdirect.com/supergro/beer/sc/beer_craft/p/gro_pid_4201458
"Beer, Craft",Elysian,"Elysian Night Owl Pumpkin Ale, Glass Bottles",$14.99/ea,$3.33/pt,"6ct, 12fl oz ea",74,,https://www.freshdirect.com/supergro/beer/sc/beer_craft/p/gro_pid_4015657
"Beer, Craft",Magic Hat,"Magic Hat Number 9 Pale Ale, Glass Bottles",$12.99/ea,$2.89/pt,"6ct, 12fl oz ea",73,,https://www.freshdirect.com/supergro/beer/sc/beer_craft/p/beer_magichat_9_ninbt
"Beer, Craft",Harpoon,"Harpoon Brewery Fall Tailgater Variety Pack, Glass Bottles",$22.99/ea,$2.55/pt,"12ct, 12fl oz ea",72,,https://www.freshdirect.com/supergro/beer/sc/beer_craft/p/spe_harpoon_mixpk
"Beer, Craft",Breckenridge Brewery,"Breckenridge Brewery Vanilla Porter, Glass Bottles",$14.99/ea,$3.33/pt,"6ct, 12fl oz ea",71,,https://www.freshdirect.com/supergro/beer/sc/beer_craft/p/gro_pid_4011979
"Beer, Craft",Bronx Brewery,"Bronx Brewery Now Youse Can't Leave Double IPA, Cans",$17.99/ea,$4.50/pt,"4ct, 16fl oz ea",70,,https://www.freshdirect.com/supergro/beer/sc/beer_craft/p/gro_pid_4015048
"Beer, Craft",Greenpoint,"Greenpoint Lekker Pilsener, Cans",$13.99/ea,$4.66/pt,"4ct, 12fl oz ea",69,,https://www.freshdirect.com/supergro/beer/sc/beer_craft/p/gro_pid_4017220
"Beer, Craft",Blue Moon,"Blue Moon Belgian White Wheat Ale, Glass Bottles",$53.16/cs,$2.95/pt,"24ct, 12fl oz ea",68,,https://www.freshdirect.com/supergro/beer/sc/beer_craft/p/spe_blmn_zcs_1
"Beer, Craft",Singlecut Beersmiths,"Singlecut Beersmiths Softly Spoken Magic Spells IIPA, Cans",$22.99/ea,$5.75/pt,"4ct, 16fl oz ea",67,,https://www.freshdirect.com/supergro/beer/sc/beer_craft/p/gro_pid_4017133
"Beer, Craft",Sixpoint Brewery,"Sixpoint Brewery Resin Double IPA, Can",$3.99/ea,$3.33/pt,19.2fl oz,66,,https://www.freshdirect.com/supergro/beer/sc/beer_craft/p/gro_pid_4018734
"Beer, Craft",Montauk Brewing,"Montauk Brewing Juicy IPA, Cans",$19.99/ea,$5.00/pt,"4ct, 16fl oz ea",65,,https://www.freshdirect.com/supergro/beer/sc/beer_craft/p/gro_pid_4015842
"Beer, Craft",Harpoon,"Harpoon Flannel Friday Amber Ale, Glass Bottles",$11.99/ea,$2.66/pt,"6ct, 12fl oz ea",64,,https://www.freshdirect.com/supergro/beer/sc/beer_craft/p/gro_pid_4011663
"Beer, Craft",Victory Brewing Co.,"Victory Brewing Co. Kick Back Variety Pack, Cans",$24.99/ea,$2.22/pt,"15ct, 12fl oz ea",63,,https://www.freshdirect.com/supergro/beer/sc/beer_craft/p/gro_pid_4014083
"Beer, Craft",Sierra Nevada,"Sierra Nevada Hazy Little Thing IPA, Can",$3.99/ea,$3.33/pt,19.2fl oz,62,,https://www.freshdirect.com/supergro/beer/sc/beer_craft/p/gro_pid_4018409
"Beer, Craft",Grimm,"Grimm Weiss Hefeweissbier, Cans",$16.99/ea,$4.25/pt,"4ct, 16fl oz ea",61,,https://www.freshdirect.com/supergro/beer/sc/beer_craft/p/gro_pid_4018410
"Beer, Craft",Other Half,"Other Half Forever Ever Session IPA, Cans",$22.99/ea,$5.75/pt,"4ct, 16fl oz ea",60,,https://www.freshdirect.com/supergro/beer/sc/beer_craft/p/gro_pid_4018802
"Beer, Craft",Two Roads Brewing Company,"Two Roads Brewing Company Roadsmary's Baby Rum Barrel-Aged Pumpkin Ale, Cans",$14.99/ea,$3.33/pt,"6ct, 12fl oz ea",59,,https://www.freshdirect.com/supergro/beer/sc/beer_craft/p/gro_pid_4013069
"Beer, Craft",Bronx Brewery,"Bronx Brewery The IPA Set Variety Pack, Cans",$26.99/ea,$3.00/pt,"12ct, 12fl oz ea",58,,https://www.freshdirect.com/supergro/beer/sc/beer_craft/p/gro_pid_4014590
"Beer, Craft",Southern Tier Brewing Company,"Southern Tier Brewing Company Overpack'd Variety Pack, Cans",$23.99/ea,$2.13/pt,"15ct, 12fl oz ea",57,,https://www.freshdirect.com/supergro/beer/sc/beer_craft/p/gro_pid_4012575
"Beer, Craft",Half Acre Beer Co.,"Half Acre Beer Co. Daisy Cutter Pale Ale, Cans",$15.99/ea,$4.00/pt,"4ct, 16fl oz ea",56,,https://www.freshdirect.com/supergro/beer/sc/beer_craft/p/gro_pid_4012983
"Beer, Craft",Stone,"Stone India Pale Ale, Glass Bottles",$12.99/ea,$2.89/pt,"6ct, 12fl oz ea",55,,https://www.freshdirect.com/supergro/beer/sc/beer_craft/p/beer_stone_sxbt
"Beer, Craft",Talea Beer Co.,"Talea Beer Co. AL DENTE Italian-Style Pilsner, Cans",$20.99/ea,$5.25/pt,"4ct, 16fl oz ea",54,,https://www.freshdirect.com/supergro/beer/sc/beer_craft/p/gro_pid_4018105
"Beer, Craft",Lagunitas,"Lagunitas IPA, Can",$3.99/ea,$3.33/pt,19.2fl oz,53,,https://www.freshdirect.com/supergro/beer/sc/beer_craft/p/gro_pid_4018413
"Beer, Craft",Lagunitas,"Lagunitas Little Sumpin' Sumpin' Ale, Cans",$13.99/ea,$3.11/pt,"6ct, 12fl oz ea",52,,https://www.freshdirect.com/supergro/beer/sc/beer_craft/p/gro_pid_4018240
"Beer, Craft",Torch & Crown,"Torch & Crown Tenement Pilsner, Cans",$16.99/ea,$4.25/pt,"4ct, 16fl oz ea",51,,https://www.freshdirect.com/supergro/beer/sc/beer_craft/p/gro_pid_4017201
"Beer, Craft",Ghostfish Brewing Company,"Ghostfish Brewing Company Vanishing Point Gluten-Free Pale Ale, Cans",$14.99/ea,$5.00/pt,"4ct, 12fl oz ea",50,,https://www.freshdirect.com/supergro/beer/sc/beer_craft/p/gro_pid_4017737
"Beer, Craft",Left Hand,"Left Hand Milk Stout Nitro, Glass Bottles",$18.99/ea,$4.22/pt,"6ct, 12fl oz ea",49,,https://www.freshdirect.com/supergro/beer/sc/beer_craft/p/gro_pid_4013487
"Beer, Craft",Dogfish Head,"Dogfish Head SeaQuench Ale, Cans",$13.99/ea,$3.11/pt,"6ct, 12fl oz ea",48,,https://www.freshdirect.com/supergro/beer/sc/beer_craft/p/gro_pid_4015156
"Beer, Craft",Fiddlehead Brewing,"Fiddlehead Brewing Hazy IPA, Cans",$16.99/ea,$4.25/pt,"4ct, 16fl oz ea",47,,https://www.freshdirect.com/supergro/beer/sc/beer_craft/p/gro_pid_4017903
"Beer, Craft",Sierra Nevada,"Sierra Nevada Atomic Torpedo Juicy West Coast DIPA, Can",$3.99/ea,$3.33/pt,19.2fl oz,46,,https://www.freshdirect.com/supergro/beer/sc/beer_craft/p/gro_pid_4018359
"Beer, Craft",Brooklyn Brewery,"Brooklyn Brewery Lager, Glass Bottles",$51.96/cs,$2.89/pt,"24ct, 12fl oz ea",45,,https://www.freshdirect.com/supergro/beer/sc/beer_craft/p/spe_brooklyn_lgr_cs
"Beer, Craft",Radiant Pig,"Radiant Pig Save the Robots East Coast IPA, Cans",$17.99/ea,$4.50/pt,"4ct, 16fl oz ea",44,,https://www.freshdirect.com/supergro/beer/sc/beer_craft/p/gro_pid_4016062
"Beer, Craft",Sloop,"Sloop Juice Bomb IPA, Cans",$25.99/ea,$2.89/pt,"12ct, 12fl oz ea",43,,https://www.freshdirect.com/supergro/beer/sc/beer_craft/p/gro_pid_4018209
"Beer, Craft",KCBC,"KCBC Superhero Sidekicks American IPA, Cans",$19.99/ea,$5.00/pt,"4ct, 16fl oz ea",42,,https://www.freshdirect.com/supergro/beer/sc/beer_craft/p/gro_pid_4016151
"Beer, Craft",Brooklyn Brewery,"Brooklyn Brewery Post Road Pumpkin Ale, Glass Bottles",$12.99/ea,$2.89/pt,"6ct, 12fl oz ea",41,,https://www.freshdirect.com/supergro/beer/sc/beer_craft/p/beer_brooklyn_pum_sxbt
"Beer, Craft",Coney Island,"Coney Island Merman NY IPA, Cans",$13.99/ea,$3.11/pt,"6ct, 12fl oz ea",40,,https://www.freshdirect.com/supergro/beer/sc/beer_craft/p/gro_pid_4014260
"Beer, Craft",Founders Brewing Company,"Founders Brewing Company Porter, Glass Bottles",$15.99/ea,$3.55/pt,"6ct, 12fl oz",39,,https://www.freshdirect.com/supergro/beer/sc/beer_craft/p/gro_pid_4013469
"Beer, Craft",Five Boroughs Brewing Co.,"Five Boroughs Brewing Co. City Light Lager, Cans",$14.99/ea,$3.33/pt,"6ct, 12fl oz ea",38,,https://www.freshdirect.com/supergro/beer/sc/beer_craft/p/gro_pid_4015843
"Beer, Craft",Bronx Brewery,"Bronx Brewery World Gone Hazy IPA, Cans",$16.99/ea,$4.25/pt,"4ct, 16fl oz ea",37,,https://www.freshdirect.com/supergro/beer/sc/beer_craft/p/gro_pid_4016066
"Beer, Craft",Montauk Brewing,"Montauk Brewing The Surf Beer Golden Ale, Cans",$13.99/ea,$3.11/pt,"6ct, 12fl oz ea",36,,https://www.freshdirect.com/supergro/beer/sc/beer_craft/p/gro_pid_4019267
"Beer, Craft",Grimm,"Grimm Wavetable IPA, Cans",$20.99/ea,$5.25/pt,"4ct, 16fl oz ea",35,,https://www.freshdirect.com/supergro/beer/sc/beer_craft/p/gro_pid_4018411
"Beer, Craft",Victory Brewing Co.,"Victory Brewing Co. Golden Monkey Tripel Ale, Glass Bottles",$16.99/ea,$3.78/pt,"6ct, 12fl oz ea",34,,https://www.freshdirect.com/supergro/beer/sc/beer_craft/p/spe_vctry_gldmnk6pk
"Beer, Craft",Montauk Brewing,"Montauk Brewing Box of Montauk Variety Pack, Cans",$22.49/ea,$2.50/pt,"12ct, 12fl oz ea",33,,https://www.freshdirect.com/supergro/beer/sc/beer_craft/p/gro_pid_4019268
"Beer, Craft",Samuel Adams,"Samuel Adams Beer Fest Variety Pack, Glass Bottles",$20.49/ea,$2.28/pt,"12ct, 12fl oz ea",32,,https://www.freshdirect.com/supergro/beer/sc/beer_craft/p/spe_samad_fallhrvst
"Beer, Craft",Brooklyn Brewery,"Brooklyn Brewery Bel Air Sour, Cans",$12.99/ea,$2.89/pt,"6ct, 12fl oz ea",31,,https://www.freshdirect.com/supergro/beer/sc/beer_craft/p/gro_pid_4015287
"Beer, Craft",Bronx Brewery,"Bronx Brewery The Boogie Down Set Variety Pack, Cans",$26.99/ea,$3.00/pt,"12ct, 12fl oz ea",30,,https://www.freshdirect.com/supergro/beer/sc/beer_craft/p/gro_pid_4011883
"Beer, Craft",Allagash,"Allagash White Beer, Cans",$24.99/ea,$2.78/pt,"12ct, 12fl oz ea",29,,https://www.freshdirect.com/supergro/beer/sc/beer_craft/p/gro_pid_4018078
"Beer, Craft",Southern Tier Brewing Company,"Southern Tier Brewing Company Pumking Imperial Pumpkin Ale, Glass Bottles",$17.99/ea,$6.00/pt,"4ct, 12fl oz ea",28,,https://www.freshdirect.com/supergro/beer/sc/beer_craft/p/gro_pid_4014993
"Beer, Craft",Sloop,"Sloop Super Soft IPA, Cans",$13.99/ea,$3.11/pt,"6ct, 12fl oz ea",27,,https://www.freshdirect.com/supergro/beer/sc/beer_craft/p/gro_pid_4015505
"Beer, Craft",Sierra Nevada,"Sierra Nevada Fan Favorites Variety Pack, Glass Bottles",$22.99/ea,$2.55/pt,"12ct, 12fl oz ea",26,,https://www.freshdirect.com/supergro/beer/sc/beer_craft/p/gro_pid_4014337
"Beer, Craft",Other Half,"Other Half Green City Double Dry Hopped Hazy East Coast IPA, Cans",$22.99/ea,$5.75/pt,"4ct, 16fl oz ea",25,,https://www.freshdirect.com/supergro/beer/sc/beer_craft/p/gro_pid_4018801
"Beer, Craft",Collective Arts Brewing,"Collective Arts Brewing Life in the Clouds IPA, Cans",$18.99/ea,$4.75/pt,"4ct, 16fl oz ea",24,,https://www.freshdirect.com/supergro/beer/sc/beer_craft/p/gro_pid_4015160
"Beer, Craft",Torch & Crown,"Torch & Crown Almost Famous IPA, Cans",$19.99/ea,$5.00/pt,"4ct, 16fl oz ea",23,,https://www.freshdirect.com/supergro/beer/sc/beer_craft/p/gro_pid_4017200
"Beer, Craft",New Belgium Brewing,"New Belgium Brewing Voodoo Ranger Imperial IPA, Can",$3.99/ea,$3.33/pt,19.2fl oz,22,,https://www.freshdirect.com/supergro/beer/sc/beer_craft/p/gro_pid_4018404
"Beer, Craft",Shiner,"Shiner Bock Beer, Glass Bottles",$12.99/ea,$2.89/pt,"6ct, 12fl oz ea",21,,https://www.freshdirect.com/supergro/beer/sc/beer_craft/p/gro_pid_4008126
"Beer, Craft",Peak Organic,"Peak Organic Fresh Cut Dry-Hopped Pilsner, Cans",$13.99/ea,$3.11/pt,"6ct, 12fl oz ea",20,,https://www.freshdirect.com/supergro/beer/sc/beer_craft/p/gro_pid_4015281
"Beer, Craft",Five Boroughs Brewing Co.,"Five Boroughs Brewing Co. Gridlock Hazy IPA, Cans",$19.99/ea,$5.00/pt,"4ct, 16fl oz ea",19,,https://www.freshdirect.com/supergro/beer/sc/beer_craft/p/gro_pid_4015841
"Beer, Craft",Lagunitas,"Lagunitas IPA, Cans",$22.99/ea,$2.55/pt,"12ct, 12fl oz ea",18,,https://www.freshdirect.com/supergro/beer/sc/beer_craft/p/gro_pid_4015670
"Beer, Craft",Harpoon,"Harpoon India Pale Ale, Glass Bottles",$11.99/ea,$2.66/pt,"6ct, 12fl oz ea",17,,https://www.freshdirect.com/supergro/beer/sc/beer_craft/p/beer_harpoon_sxbt
"Beer, Craft",Dogfish Head,"Dogfish Head 60 Minute IPA, Glass Bottles",$13.99/ea,$3.11/pt,"6ct, 12fl oz ea",16,,https://www.freshdirect.com/supergro/beer/sc/beer_craft/p/spe_dgfsh_60mnipa
"Beer, Craft",Industrial Arts Brewing Company,"Industrial Arts Brewing Company Wrench Northeast IPA, Cans",$18.99/ea,$4.75/pt,"4ct, 16fl oz ea",15,,https://www.freshdirect.com/supergro/beer/sc/beer_craft/p/gro_pid_4017736
"Beer, Craft",Lawson's,"Lawson's Sip of Sunshine IPA, Cans",$19.99/ea,$5.00/pt,"4ct, 16fl oz ea",14,,https://www.freshdirect.com/supergro/beer/sc/beer_craft/p/gro_pid_4017944
"Beer, Craft",Threes Brewing,"Threes Brewing Vliet Pilsner, Cans",$17.99/ea,$4.50/pt,"4ct, 16fl oz ea",13,,https://www.freshdirect.com/supergro/beer/sc/beer_craft/p/gro_pid_4015158
"Beer, Craft",Samuel Adams,"Samuel Adams Boston Lager, Glass Bottles",$13.99/ea,$3.11/pt,"6ct, 12fl oz ea",12,,https://www.freshdirect.com/supergro/beer/sc/beer_craft/p/beer_sam_sxbt
"Beer, Craft",Blue Moon,"Blue Moon Belgian White Wheat Ale, Cans",$23.99/ea,$2.13/pt,"15ct, 12fl oz ea",11,,https://www.freshdirect.com/supergro/beer/sc/beer_craft/p/gro_pid_4015663
"Beer, Craft",Cigar City Brewing,"Cigar City Brewing Jai Alai India Pale Ale, Cans",$13.99/ea,$3.11/pt,"6ct, 12fl oz ea",10,,https://www.freshdirect.com/supergro/beer/sc/beer_craft/p/gro_pid_4012669
"Beer, Craft",Brooklyn Brewery,"Brooklyn Brewery Pulp Art Hazy IPA, Cans",$12.99/ea,$2.89/pt,"6ct, 12fl oz ea",9,,https://www.freshdirect.com/supergro/beer/sc/beer_craft/p/gro_pid_4017089
"Beer, Craft",Bell,"Bell's Light Hearted Ale Lo-Cal IPA, Cans",$13.99/ea,$3.11/pt,"6ct, 12fl oz ea",8,,https://www.freshdirect.com/supergro/beer/sc/beer_craft/p/gro_pid_4015787
"Beer, Craft",Peak Organic,"Peak Organic IPA, Cans",$13.99/ea,$3.11/pt,"6ct, 12fl oz ea",7,,https://www.freshdirect.com/supergro/beer/sc/beer_craft/p/gro_pid_4008136
"Beer, Craft",Blue Point,"Blue Point Toasted Lager, Cans",$13.99/ea,$3.11/pt,"6ct, 12fl oz ea",6,,https://www.freshdirect.com/supergro/beer/sc/beer_craft/p/spe_bluept_tstdlager
"Beer, Craft",Montauk Brewing,"Montauk Brewing Wave Chaser IPA, Cans",$24.99/ea,$2.78/pt,"12ct, 12fl oz ea",5,,https://www.freshdirect.com/supergro/beer/sc/beer_craft/p/gro_pid_4017144
"Beer, Craft",Montauk Brewing,"Montauk Brewing Pumpkin Ale, Cans",$13.99/ea,$3.11/pt,"6ct, 12fl oz ea",4,,https://www.freshdirect.com/supergro/beer/sc/beer_craft/p/gro_pid_4015672
"Beer, Craft",Talea Beer Co.,"Talea Beer Co. Sun Up Hazy IPA, Cans",$20.99/ea,$5.25/pt,"4ct, 16fl oz ea",3,,https://www.freshdirect.com/supergro/beer/sc/beer_craft/p/gro_pid_4017079
"Beer, Craft",Dogfish Head,"Dogfish Head Slightly Mighty Lo-Cal IPA, Cans",$13.99/ea,$3.11/pt,"6ct, 12fl oz ea",2,,https://www.freshdirect.com/supergro/beer/sc/beer_craft/p/gro_pid_4016850
"Beer, Craft",Goose Island,"Goose Island India Pale Ale, Glass Bottles",$13.99/ea,$3.33/pt,"6ct, 12fl oz ea",1,,https://www.freshdirect.com/supergro/beer/sc/beer_craft/p/gro_pid_4007237
White Wine,,Fritsch Grüner Veltliner,,,,,yes,https://www.freshdirect.com/fdw/sc/vin_type_whites/p/win_pid_5003987
White Wine,Premium,Mind & Body Low Calorie Premium Pinot Grigio,,,,,yes,https://www.freshdirect.com/fdw/sc/vin_type_whites/p/win_pid_5003828
White Wine,,"Underwood Oregon Pinot Gris, Can",,,,,yes,https://www.freshdirect.com/fdw/sc/vin_type_whites/p/win_pid_5003131
White Wine,,La Vieille Ferme White,,,,,yes,https://www.freshdirect.com/fdw/sc/vin_type_whites/p/win_pid_5003576
White Wine,,Steillage Mosel Dry Riesling,$14.99/ea,$19.99/l,750ml,184,,https://www.freshdirect.com/fdw/sc/vin_type_whites/p/win_pid_5200010
White Wine,,"Nomadica Skin Contact Orange Wine, Cans",$23.99/ea,$23.99/l,"4ct, 250ml ea",183,,https://www.freshdirect.com/fdw/sc/vin_type_whites/p/win_pid_5004138
White Wine,,"Mai Vino Organic Sauvignon Blanc, Pouch",$24.99/ea,$16.66/l,1.5L,182,,https://www.freshdirect.com/fdw/sc/vin_type_whites/p/win_pid_5004124
White Wine,,Kendall-Jackson Avant Unoaked Chardonnay,$17.99/ea,$23.99/l,750ml,181,,https://www.freshdirect.com/fdw/sc/vin_type_whites/p/win_pid_5004115
White Wine,,"Mai Vino Organic Orange Wine, Pouch",$24.99/ea,$16.66/l,1.5L,180,,https://www.freshdirect.com/fdw/sc/vin_type_whites/p/win_pid_5004127
White Wine,,Barkan Classic Sauvignon Blanc,$14.99/ea,$19.99/l,750ml,179,,https://www.freshdirect.com/fdw/sc/vin_type_whites/p/win_pid_5004094
White Wine,,Chateau Montelena Napa Valley Chardonnay,$79.99/ea,$106.65/l,750ml,178,,https://www.freshdirect.com/fdw/sc/vin_type_whites/p/win_pid_5003755
White Wine,,Château Les Riganes Bordeaux Blanc,$14.99/ea,$19.99/l,750ml,177,,https://www.freshdirect.com/fdw/sc/vin_type_whites/p/win_pid_5004095
White Wine,,Sunny with a Chance of Flowers Low Calorie Pinot Grigio,$16.99/ea,$22.65/l,750ml,176,,https://www.freshdirect.com/fdw/sc/vin_type_whites/p/win_pid_5004117
White Wine,,Grgich Hills Chardonnay Napa Valley,$56.99/ea,$75.99/l,750ml,175,,https://www.freshdirect.com/fdw/sc/vin_type_whites/p/win_pid_5003771
White Wine,,Calera Central Coast Chardonnay,$29.99/ea,$39.99/l,750ml,174,,https://www.freshdirect.com/fdw/sc/vin_type_whites/p/win_pid_5003800
White Wine,,Herzog Late Harvest Chenin Blanc,$24.99/ea,$33.32/l,750ml,173,,https://www.freshdirect.com/fdw/sc/vin_type_whites/p/win_pid_5002467
White Wine,,"Olivier Leflaive Bourgogne Chardonnay ""Les Setilles""",$49.99/ea,$66.65/l,750ml,172,,https://www.freshdirect.com/fdw/sc/vin_type_whites/p/win_pid_5002484
White Wine,,Domaine Jean de Bosmel Chablis Grand Cru Valmur,$79.99/ea,$106.65/l,750ml,171,,https://www.freshdirect.com/fdw/sc/vin_type_whites/p/win_pid_5100163
White Wine,,Trimbach Riesling Reserve,$34.99/ea,$46.65/l,750ml,170,,https://www.freshdirect.com/fdw/sc/vin_type_whites/p/win_pid_5002778
White Wine,,Dry Creek Vineyard Chenin Blanc,$19.99/ea,$26.65/l,750ml,169,,https://www.freshdirect.com/fdw/sc/vin_type_whites/p/win_pid_5002619
White Wine,,Artie Chardonnay,$9.99/ea,$13.32/l,750ml,168,,https://www.freshdirect.com/fdw/sc/vin_type_whites/p/win_pid_5000003
White Wine,,Bernard Moreau Bourgogne Blanc,$27.99/ea,$37.32/l,750ml,167,,https://www.freshdirect.com/fdw/sc/vin_type_whites/p/win_pid_5003972
White Wine,,Rouvalis Assyrtiko,$24.99/ea,$33.32/l,750ml,166,,https://www.freshdirect.com/fdw/sc/vin_type_whites/p/win_pid_5003918
White Wine,Terra,Terrasano Pinot Grigio DOC,$10.99/ea,$14.65/l,750ml,165,,https://www.freshdirect.com/fdw/sc/vin_type_whites/p/win_pid_5100207
White Wine,,Frogs Leap Sauvignon Blanc Napa Valley,$34.99/ea,$46.65/l,750ml,164,,https://www.freshdirect.com/fdw/sc/vin_type_whites/p/win_pid_5003770
White Wine,,Bastianich Friulano DOC,$27.99/ea,$37.32/l,750ml,163,,https://www.freshdirect.com/fdw/sc/vin_type_whites/p/win_pid_5002153
White Wine,,Trimbach Pinot Blanc,$19.99/ea,$26.65/l,750ml,162,,https://www.freshdirect.com/fdw/sc/vin_type_whites/p/win_pid_5002777
White Wine,,Domaine des Heritieres Chablis,$24.99/ea,$33.32/l,750ml,161,,https://www.freshdirect.com/fdw/sc/vin_type_whites/p/win_pid_5003986
White Wine,,Bodegas Neleman Nucli Rainbow Organic White Blend,$16.99/ea,$22.65/l,750ml,160,,https://www.freshdirect.com/fdw/sc/vin_type_whites/p/win_pid_5003954
White Wine,,Shock Wave Sauvignon Blanc,$13.99/ea,$18.65/l,750ml,159,,https://www.freshdirect.com/fdw/sc/vin_type_whites/p/win_pid_5100126
White Wine,,Conundrum White Table Wine,$19.99/ea,$26.65/l,750ml,158,,https://www.freshdirect.com/fdw/sc/vin_type_whites/p/win_pid_5002114
White Wine,,Miravigna Bianco White Blend,$8.99/ea,$11.99/l,750ml,157,,https://www.freshdirect.com/fdw/sc/vin_type_whites/p/win_pid_5004010
White Wine,,Pierre Chainier Muscadet,$13.99/ea,$18.65/l,750ml,156,,https://www.freshdirect.com/fdw/sc/vin_type_whites/p/win_pid_5100204
White Wine,,La Capranera Fiano,$14.99/ea,$19.99/l,750ml,155,,https://www.freshdirect.com/fdw/sc/vin_type_whites/p/win_pid_5003911
White Wine,lu,Blue Quail Organic Chardonnay,$19.99/ea,$26.65/l,750ml,154,,https://www.freshdirect.com/fdw/sc/vin_type_whites/p/win_pid_5003778
White Wine,,Lab Moscato,$9.99/ea,$13.32/l,750ml,153,,https://www.freshdirect.com/fdw/sc/vin_type_whites/p/win_pid_5004013
White Wine,,Ferrari Carano Fumé Blanc,$17.99/ea,$23.99/l,750ml,152,,https://www.freshdirect.com/fdw/sc/vin_type_whites/p/win_pid_5003712
White Wine,,Les Calcaires Sauvignon Blanc Vin de France,$10.99/ea,$14.65/l,750ml,151,,https://www.freshdirect.com/fdw/sc/vin_type_whites/p/win_pid_5100202
White Wine,,Christina Organic Gruner Veltliner,$21.99/ea,$29.32/l,750ml,150,,https://www.freshdirect.com/fdw/sc/vin_type_whites/p/win_pid_5004073
White Wine,,MacRostie Chardonnay Sonoma Coast,$29.99/ea,$39.99/l,750ml,149,,https://www.freshdirect.com/fdw/sc/vin_type_whites/p/win_pid_5003070
White Wine,,Krasno Orange Wine,$22.99/ea,$30.65/l,750ml,148,,https://www.freshdirect.com/fdw/sc/vin_type_whites/p/win_pid_5004009
White Wine,Bai,ValdoCea Albariño Rías Baixas,$19.99/ea,$26.65/l,750ml,147,,https://www.freshdirect.com/fdw/sc/vin_type_whites/p/win_pid_5100199
White Wine,,Skouras Moschofilero,$21.99/ea,$29.32/l,750ml,146,,https://www.freshdirect.com/fdw/sc/vin_type_whites/p/win_pid_5002068
White Wine,,Umani Ronchi CaSal di Serra Organic Verdicchio,$22.99/ea,$30.65/l,750ml,145,,https://www.freshdirect.com/fdw/sc/vin_type_whites/p/win_pid_5003723
White Wine,lu,Livio Felluga Collio Pinot Grigio DOCG,$34.99/ea,$46.65/l,750ml,144,,https://www.freshdirect.com/fdw/sc/vin_type_whites/p/win_pid_5003899
White Wine,,Giesen Estate Sauvignon Blanc,$15.99/ea,$21.32/l,750ml,143,,https://www.freshdirect.com/fdw/sc/vin_type_whites/p/win_pid_5003638
White Wine,,Loveblock Organic Sauvignon Blanc,$29.99/ea,$39.99/l,750ml,142,,https://www.freshdirect.com/fdw/sc/vin_type_whites/p/win_pid_5003900
White Wine,,Field Recordings Skins Orange Wine,$22.99/ea,$30.65/l,750ml,141,,https://www.freshdirect.com/fdw/sc/vin_type_whites/p/win_pid_5004063
White Wine,,WHITE by W California White Wine,$14.99/ea,$19.99/l,750ml,140,,https://www.freshdirect.com/fdw/sc/vin_type_whites/p/win_pid_5002116
White Wine,,Famille Carlin Sancerre,$29.99/ea,$39.99/l,750ml,139,,https://www.freshdirect.com/fdw/sc/vin_type_whites/p/win_pid_5100144
White Wine,,Goisot Organic Bourgogne Aligoté,$25.99/ea,$34.65/l,750ml,138,,https://www.freshdirect.com/fdw/sc/vin_type_whites/p/win_pid_5003696
White Wine,,Duckhorn Sauvignon Blanc Napa Valley,$36.99/ea,$49.32/l,750ml,137,,https://www.freshdirect.com/fdw/sc/vin_type_whites/p/win_pid_5003885
White Wine,,Cantina Santa Maria la Palma Aragosta Vermentino,$14.99/ea,$19.99/l,750ml,136,,https://www.freshdirect.com/fdw/sc/vin_type_whites/p/win_pid_5004107
White Wine,,Cardiff Chardonnay,$9.99/ea,$13.32/l,750ml,135,,https://www.freshdirect.com/fdw/sc/vin_type_whites/p/win_pid_5003993
White Wine,,Nicolas Girard Quincy,$19.99/ea,$26.65/l,750ml,134,,https://www.freshdirect.com/fdw/sc/vin_type_whites/p/win_pid_5100186
White Wine,,LaMura Organic Grillo,$14.99/ea,$19.99/l,750ml,133,,https://www.freshdirect.com/fdw/sc/vin_type_whites/p/win_pid_5003869
White Wine,,Murphy Goode North Coast Sauvignon Blanc,$13.99/ea,$18.65/l,750ml,132,,https://www.freshdirect.com/fdw/sc/vin_type_whites/p/win_pid_5003179
White Wine,,Artie Pinot Grigio,$9.99/ea,$13.32/l,750ml,131,,https://www.freshdirect.com/fdw/sc/vin_type_whites/p/win_pid_5000002
White Wine,,Frenzy Marlborough Sauvignon Blanc,$19.99/ea,$26.65/l,750ml,130,,https://www.freshdirect.com/fdw/sc/vin_type_whites/p/win_pid_5003866
White Wine,,Joel Gott Sauvignon Blanc,$17.99/ea,$23.99/l,750ml,129,,https://www.freshdirect.com/fdw/sc/vin_type_whites/p/win_pid_5003787
White Wine,,Borgo Savaian Aransat Orange Wine,$19.99/ea,$26.65/l,750ml,128,,https://www.freshdirect.com/fdw/sc/vin_type_whites/p/win_pid_5003940
White Wine,,Matahiwi Estate Sauvignon Blanc,$16.99/ea,$22.65/l,750ml,127,,https://www.freshdirect.com/fdw/sc/vin_type_whites/p/win_pid_5100018
White Wine,,Hermann J. Wiemer Dry Riesling,$22.99/ea,$30.65/l,750ml,126,,https://www.freshdirect.com/fdw/sc/vin_type_whites/p/win_pid_5002131
White Wine,,Artie Sauvignon Blanc,$9.99/ea,$13.32/l,750ml,125,,https://www.freshdirect.com/fdw/sc/vin_type_whites/p/win_pid_5000001
White Wine,,"Château Tassin Bordeaux Sauvignon Blanc Wineberry, Box",$39.99/ea,$13.33/l,3L (3000ml),124,,https://www.freshdirect.com/fdw/sc/vin_type_whites/p/win_pid_5003216
White Wine,,Gabriel Chevalier Mâcon-Villages Chardonnay,$19.99/ea,$26.65/l,750ml,123,,https://www.freshdirect.com/fdw/sc/vin_type_whites/p/win_pid_5100176
White Wine,,Flowers Sonoma Coast Chardonnay,$54.99/ea,$73.32/l,750ml,122,,https://www.freshdirect.com/fdw/sc/vin_type_whites/p/win_pid_5002903
White Wine,,Antxiola Blanco Getariako Txakolina,$19.99/ea,$26.65/l,750ml,121,,https://www.freshdirect.com/fdw/sc/vin_type_whites/p/win_pid_5003759
White Wine,,Bogle Sauvignon Blanc,$12.99/ea,$17.32/l,750ml,120,,https://www.freshdirect.com/fdw/sc/vin_type_whites/p/win_pid_5003435
White Wine,,A to Z Oregon Pinot Gris,$21.99/ea,$29.32/l,750ml,119,,https://www.freshdirect.com/fdw/sc/vin_type_whites/p/win_pid_5003570
White Wine,,Clos du Gaimont Vouvray La Monaco,$21.99/ea,$29.32/l,750ml,118,,https://www.freshdirect.com/fdw/sc/vin_type_whites/p/win_pid_5002754
White Wine,,Au Bon Climat Chardonnay Santa Barbara,$26.99/ea,$35.99/l,750ml,117,,https://www.freshdirect.com/fdw/sc/vin_type_whites/p/win_pid_5003461
White Wine,,Channing Daughters Ramato Pinot Grigio Orange Wine,$25.99/ea,$34.65/l,750ml,116,,https://www.freshdirect.com/fdw/sc/vin_type_whites/p/win_pid_5003618
White Wine,,"Steinschaden Grüner Veltliner, Box",$24.99/ea,$16.66/l,1.5L (1500ml),115,,https://www.freshdirect.com/fdw/sc/vin_type_whites/p/win_pid_5002689
White Wine,,Bodegas La Caña Albariño,$23.99/ea,$31.99/l,750ml,114,,https://www.freshdirect.com/fdw/sc/vin_type_whites/p/win_pid_5003773
White Wine,,Channing Daughters Scuttlehole Chardonnay,$16.99/ea,$22.65/l,750ml,113,,https://www.freshdirect.com/fdw/sc/vin_type_whites/p/win_pid_5002016
White Wine,,Santa Julia Organic Chardonnay,$13.99/ea,$18.65/l,750ml,112,,https://www.freshdirect.com/fdw/sc/vin_type_whites/p/win_pid_5002065
White Wine,,Tavernello Pinot Grigio,$9.99/ea,$13.32/l,750ml,111,,https://www.freshdirect.com/fdw/sc/vin_type_whites/p/win_pid_5004011
White Wine,,Guenoc California Chardonnay,$11.99/ea,$15.99/l,750ml,110,,https://www.freshdirect.com/fdw/sc/vin_type_whites/p/win_pid_5002432
White Wine,,Dr. Konstantin Frank Dry Riesling,$21.99/ea,$29.32/l,750ml,109,,https://www.freshdirect.com/fdw/sc/vin_type_whites/p/win_pid_5003702
White Wine,,Kung Fu Girl Riesling,$18.99/ea,$25.32/l,750ml,108,,https://www.freshdirect.com/fdw/sc/vin_type_whites/p/win_pid_5002461
White Wine,,Feudi di San Gregorio Falanghina DOC,$21.99/ea,$29.32/l,750ml,107,,https://www.freshdirect.com/fdw/sc/vin_type_whites/p/win_pid_5002027
White Wine,,Château Lamothe de Haux Bordeaux Blanc,$14.99/ea,$19.99/l,750ml,106,,https://www.freshdirect.com/fdw/sc/vin_type_whites/p/win_pid_5002573
White Wine,terra,Bonterra Sauvignon Blanc,$15.99/ea,$21.32/l,750ml,105,,https://www.freshdirect.com/fdw/sc/vin_type_whites/p/win_pid_5002238
White Wine,,Domaine Bousquet Organic Unoaked Chardonnay,$14.99/ea,$19.99/l,750ml,104,,https://www.freshdirect.com/fdw/sc/vin_type_whites/p/win_pid_5003783
White Wine,,Domaine Jean de Bosmel Chablis 1er Cru Vaulignot,$39.99/ea,$53.32/l,750ml,103,,https://www.freshdirect.com/fdw/sc/vin_type_whites/p/win_pid_5100015
White Wine,,Sonoma Cutrer Sonoma Coast Chardonnay,$32.99/ea,$43.99/l,750ml,102,,https://www.freshdirect.com/fdw/sc/vin_type_whites/p/win_pid_5002382
White Wine,Lu,Ruffino Lumina Pinot Grigio DOC,$12.99/ea,$17.32/l,750ml,101,,https://www.freshdirect.com/fdw/sc/vin_type_whites/p/win_pid_5003863
White Wine,,Clearwater Cove Marlborough Sauvignon Blanc,$12.99/ea,$17.32/l,750ml,100,,https://www.freshdirect.com/fdw/sc/vin_type_whites/p/win_pid_5000004
White Wine,,Urban Mosel Riesling (Nik Weis Selection),$16.99/ea,$22.65/l,750ml,99,,https://www.freshdirect.com/fdw/sc/vin_type_whites/p/win_pid_5002729
White Wine,,"Echeverria No Es Pituko Organic Chardonnay, No Added Sulfites",$16.99/ea,$22.65/l,750ml,98,,https://www.freshdirect.com/fdw/sc/vin_type_whites/p/win_pid_5003944
White Wine,,Cupcake LightHearted Low Calorie Sauvignon Blanc,$12.99/ea,$17.32/l,750ml,97,,https://www.freshdirect.com/fdw/sc/vin_type_whites/p/win_pid_5003840
White Wine,,Domaine de la Madone Picpoul de Pinet,$14.99/ea,$19.99/l,750ml,96,,https://www.freshdirect.com/fdw/sc/vin_type_whites/p/win_pid_5002508
White Wine,,Domaine de la Pinardière Muscadet,$16.99/ea,$22.65/l,750ml,95,,https://www.freshdirect.com/fdw/sc/vin_type_whites/p/win_pid_5002141
White Wine,lu,Kim Crawford Illuminate Low Calorie Sauvignon Blanc,$17.99/ea,$23.99/l,750ml,94,,https://www.freshdirect.com/fdw/sc/vin_type_whites/p/win_pid_5003988
White Wine,,Villa Sparina Gavi DOCG,$21.99/ea,$29.32/l,750ml,93,,https://www.freshdirect.com/fdw/sc/vin_type_whites/p/win_pid_5003868
White Wine,,"Schplink Gruner Veltliner, Box",$34.99/ea,$11.66/l,3L,92,,https://www.freshdirect.com/fdw/sc/vin_type_whites/p/win_pid_5003630
White Wine,,Riff Pinot Grigio IGT,$12.99/ea,$17.32/l,750ml,91,,https://www.freshdirect.com/fdw/sc/vin_type_whites/p/win_pid_5002062
White Wine,,Tre Monti Vigna Rocca Organic Orange Wine,$22.99/ea,$30.65/l,750ml,90,,https://www.freshdirect.com/fdw/sc/vin_type_whites/p/win_pid_5003601
White Wine,,Baron Herzog Chenin Blanc,$13.99/ea,$18.65/l,750ml,89,,https://www.freshdirect.com/fdw/sc/vin_type_whites/p/win_pid_5002465
White Wine,,ERA Organic Pinot Grigio Delle Venezie,$14.99/ea,$19.99/l,750ml,88,,https://www.freshdirect.com/fdw/sc/vin_type_whites/p/win_pid_5003736
White Wine,,San Matteo Gavi DOCG,$19.99/ea,$26.65/l,750ml,87,,https://www.freshdirect.com/fdw/sc/vin_type_whites/p/win_pid_5002744
White Wine,,Hess Select Chardonnay Monterey,$15.99/ea,$21.32/l,750ml,86,,https://www.freshdirect.com/fdw/sc/vin_type_whites/p/win_pid_5003071
White Wine,,"Alverdi Organic Pinot Grigio IGT, Box",$29.99/ea,$10.00/l,3L (3000ml),85,,https://www.freshdirect.com/fdw/sc/vin_type_whites/p/win_pid_5002891
White Wine,,Domaine Sautereau Sancerre,$32.99/ea,$43.99/l,750ml,84,,https://www.freshdirect.com/fdw/sc/vin_type_whites/p/win_pid_5002512
White Wine,,Seaglass Riesling,$13.99/ea,$18.65/l,750ml,83,,https://www.freshdirect.com/fdw/sc/vin_type_whites/p/win_pid_5003715
White Wine,,Domaine du Vaux Saint Georges Touraine Chenonceaux Sauvignon Blanc,$19.99/ea,$26.65/l,750ml,82,,https://www.freshdirect.com/fdw/sc/vin_type_whites/p/win_pid_5100158
White Wine,,Funkstille Grüner Veltliner,$14.99/ea,$19.99/l,750ml,81,,https://www.freshdirect.com/fdw/sc/vin_type_whites/p/win_pid_5100194
White Wine,,Sierra De Enmedio Verdejo,$11.99/ea,$15.99/l,750ml,80,,https://www.freshdirect.com/fdw/sc/vin_type_whites/p/win_pid_5100169
White Wine,,Chalk Hill Sonoma Coast Chardonnay,$21.99/ea,$29.32/l,750ml,79,,https://www.freshdirect.com/fdw/sc/vin_type_whites/p/win_pid_5002630
White Wine,,Rombauer Vineyards Chardonnay Carneros,$52.99/ea,$70.65/l,750ml,78,,https://www.freshdirect.com/fdw/sc/vin_type_whites/p/win_pid_5002919
White Wine,Wölffer Estate,Wölffer Estate Chardonnay,$23.99/ea,$31.99/l,750ml,77,,https://www.freshdirect.com/fdw/sc/vin_type_whites/p/win_pid_5002756
White Wine,,Avaline Organic White,$21.99/ea,$29.32/l,750ml,76,,https://www.freshdirect.com/fdw/sc/vin_type_whites/p/win_pid_5003989
White Wine,,Josh Cellars Sauvignon Blanc,$16.99/ea,$22.65/l,750ml,75,,https://www.freshdirect.com/fdw/sc/vin_type_whites/p/win_pid_5004015
White Wine,,Les Hauts de Bel Air Bordeaux Sauvignon Blanc,$12.99/ea,$17.32/l,750ml,74,,https://www.freshdirect.com/fdw/sc/vin_type_whites/p/win_pid_5100134
White Wine,,Les Terres Blanches Sancerre,$26.99/ea,$35.99/l,750ml,73,,https://www.freshdirect.com/fdw/sc/vin_type_whites/p/win_pid_5100172
White Wine,,Otto's Constant Dream Sauvignon Blanc,$16.99/ea,$22.65/l,750ml,72,,https://www.freshdirect.com/fdw/sc/vin_type_whites/p/win_pid_5002502
White Wine,,Castle Rock Chardonnay Central Coast,$13.99/ea,$18.65/l,750ml,71,,https://www.freshdirect.com/fdw/sc/vin_type_whites/p/win_pid_5002755
White Wine,,Joseph Drouhin Laforet Bourgogne Chardonnay,$29.99/ea,$39.99/l,750ml,70,,https://www.freshdirect.com/fdw/sc/vin_type_whites/p/win_pid_5002132
White Wine,stone,Pearlstone Chenin Blanc,$11.99/ea,$15.99/l,750ml,69,,https://www.freshdirect.com/fdw/sc/vin_type_whites/p/win_pid_5100191
White Wine,,"Big House ""The Great Escape"" Chardonnay, Box",$24.99/ea,$8.33/l,3L (3000ml),68,,https://www.freshdirect.com/fdw/sc/vin_type_whites/p/win_pid_5002745
White Wine,,The Wedge Chenin Blanc/Roussanne Blend,$10.99/ea,$14.65/l,750ml,67,,https://www.freshdirect.com/fdw/sc/vin_type_whites/p/win_pid_5100181
White Wine,,Clos du Bois Chardonnay California,$13.99/ea,$18.65/l,750ml,66,,https://www.freshdirect.com/fdw/sc/vin_type_whites/p/win_pid_5003521
White Wine,,Babich Marlborough Sauvignon Blanc,$17.99/ea,$23.99/l,750ml,65,,https://www.freshdirect.com/fdw/sc/vin_type_whites/p/win_pid_5002137
White Wine,,Souvenir Chardonnay,$11.99/ea,$15.99/l,750ml,64,,https://www.freshdirect.com/fdw/sc/vin_type_whites/p/win_pid_5100188
White Wine,,Burgans Albariño,$19.99/ea,$26.65/l,750ml,63,,https://www.freshdirect.com/fdw/sc/vin_type_whites/p/win_pid_5002607
White Wine,,Sunny with a Chance of Flowers Low Calorie Sauvignon Blanc,$16.99/ea,$22.65/l,750ml,62,,https://www.freshdirect.com/fdw/sc/vin_type_whites/p/win_pid_5003824
White Wine,,Sella & Mosca La Cala Vermentino di Sardegna DOC,$16.99/ea,$22.65/l,750ml,61,,https://www.freshdirect.com/fdw/sc/vin_type_whites/p/win_pid_5002067
White Wine,,Goose Bay Sauvignon Blanc,$26.99/ea,$35.99/l,750ml,60,,https://www.freshdirect.com/fdw/sc/vin_type_whites/p/win_pid_5002032
White Wine,,Alverdi Organic Pinot Grigio IGT,$11.99/ea,$15.99/l,750ml,59,,https://www.freshdirect.com/fdw/sc/vin_type_whites/p/win_pid_5002495
White Wine,,Bota Box Pinot Grigio,$24.99/ea,$8.33/l,3L,58,,https://www.freshdirect.com/fdw/sc/vin_type_whites/p/win_pid_5003465
White Wine,,Bex Riesling,$12.99/ea,$17.32/l,750ml,57,,https://www.freshdirect.com/fdw/sc/vin_type_whites/p/win_pid_5002789
White Wine,Bartenura,Bartenura Moscato IGT,$17.99/ea,$23.99/l,750ml,56,,https://www.freshdirect.com/fdw/sc/vin_type_whites/p/win_pid_5002104
White Wine,,Simi Chardonnay,$19.99/ea,$26.65/l,750ml,55,,https://www.freshdirect.com/fdw/sc/vin_type_whites/p/win_pid_5003512
White Wine,,Black Box Chardonnay Argentina,$5.99/ea,$11.98/l,500ml,54,,https://www.freshdirect.com/fdw/sc/vin_type_whites/p/win_pid_5003516
White Wine,,Montinore Estate Biodynamic Pinot Gris,$22.99/ea,$30.65/l,750ml,53,,https://www.freshdirect.com/fdw/sc/vin_type_whites/p/win_pid_5002050
White Wine,,Three Thieves Bandit Chardonnay,$9.99/ea,$9.99/l,1L (1000ml),52,,https://www.freshdirect.com/fdw/sc/vin_type_whites/p/win_pid_5002708
White Wine,Momo,Momo Organic Sauvignon Blanc,$22.99/ea,$30.65/l,750ml,51,,https://www.freshdirect.com/fdw/sc/vin_type_whites/p/win_pid_5003683
White Wine,,Cupcake Vineyards Chardonnay,$11.99/ea,$15.99/l,750ml,50,,https://www.freshdirect.com/fdw/sc/vin_type_whites/p/win_pid_5003477
White Wine,,Domaine Jean de Bosmel Chablis,$29.99/ea,$39.99/l,750ml,49,,https://www.freshdirect.com/fdw/sc/vin_type_whites/p/win_pid_5100014
White Wine,,Sierra De Enmedio Sauvignon Blanc,$11.99/ea,$15.99/l,750ml,48,,https://www.freshdirect.com/fdw/sc/vin_type_whites/p/win_pid_5100167
White Wine,,Les Calcaires Touraine Sauvignon Blanc,$12.99/ea,$17.32/l,750ml,47,,https://www.freshdirect.com/fdw/sc/vin_type_whites/p/win_pid_5100185
White Wine,,Pine Ridge Chenin Blanc + Viognier,$17.99/ea,$23.99/l,750ml,46,,https://www.freshdirect.com/fdw/sc/vin_type_whites/p/win_pid_5002728
White Wine,,Kris Pinot Grigio IGT,$13.99/ea,$18.65/l,750ml,45,,https://www.freshdirect.com/fdw/sc/vin_type_whites/p/win_pid_5002604
White Wine,,Man Vintners Chenin Blanc,$11.99/ea,$15.99/l,750ml,44,,https://www.freshdirect.com/fdw/sc/vin_type_whites/p/win_pid_5002042
White Wine,,Bogle Chardonnay,$12.99/ea,$17.32/l,750ml,43,,https://www.freshdirect.com/fdw/sc/vin_type_whites/p/win_pid_5002205
White Wine,,Gulp Hablo Organic Orange Wine,$22.99/ea,$22.99/l,1L,42,,https://www.freshdirect.com/fdw/sc/vin_type_whites/p/win_pid_5003942
White Wine,,Santa Margherita Pinot Grigio DOC,$29.99/ea,$39.99/l,750ml,41,,https://www.freshdirect.com/fdw/sc/vin_type_whites/p/win_pid_5002234
White Wine,,Torre dei Vescovi Pinot Grigio DOC Vicenza,$12.99/ea,$17.32/l,750ml,40,,https://www.freshdirect.com/fdw/sc/vin_type_whites/p/win_pid_5100159
White Wine,,Ecker Grüner Veltliner,$19.99/ea,$19.99/l,1L,39,,https://www.freshdirect.com/fdw/sc/vin_type_whites/p/win_pid_5002769
White Wine,,Astica Torrontés,$7.99/ea,$10.65/l,750ml,38,,https://www.freshdirect.com/fdw/sc/vin_type_whites/p/win_pid_5002002
White Wine,,Duckhorn Decoy Sauvignon Blanc Sonoma County,$20.99/ea,$27.99/l,750ml,37,,https://www.freshdirect.com/fdw/sc/vin_type_whites/p/win_pid_5003550
White Wine,,Bread & Butter Chardonnay,$16.99/ea,$22.65/l,750ml,36,,https://www.freshdirect.com/fdw/sc/vin_type_whites/p/win_pid_5002893
White Wine,,Cloudy Bay Sauvignon Blanc Marlborough,$42.99/ea,$57.32/l,750ml,35,,https://www.freshdirect.com/fdw/sc/vin_type_whites/p/win_pid_5002741
White Wine,,Cavit Pinot Grigio delle Venezie IGT,$12.99/ea,$17.32/l,750ml,34,,https://www.freshdirect.com/fdw/sc/vin_type_whites/p/win_pid_5003518
White Wine,,Donini Pinot Grigio IGT,$9.99/ea,$13.32/l,750ml,33,,https://www.freshdirect.com/fdw/sc/vin_type_whites/p/win_pid_5002478
White Wine,,Campo Flores Blanco Organic Verdejo Sauvignon,$10.99/ea,$14.65/l,750ml,32,,https://www.freshdirect.com/fdw/sc/vin_type_whites/p/win_pid_5100150
White Wine,,Nicholas Girard Sancerre,$29.99/ea,$39.99/l,750ml,31,,https://www.freshdirect.com/fdw/sc/vin_type_whites/p/win_pid_5100013
White Wine,,Le Bon Goût Crisp White Blend,$12.99/ea,$17.32/l,750ml,30,,https://www.freshdirect.com/fdw/sc/vin_type_whites/p/win_pid_5100080
White Wine,,Indaba Chardonnay,$9.99/ea,$13.32/l,750ml,29,,https://www.freshdirect.com/fdw/sc/vin_type_whites/p/win_pid_5002120
White Wine,,Mt. Hector Sauvignon Blanc,$13.99/ea,$18.65/l,750ml,28,,https://www.freshdirect.com/fdw/sc/vin_type_whites/p/win_pid_5100017
White Wine,Bare,Barefoot Pinot Grigio,$7.99/ea,$10.65/l,750ml,27,,https://www.freshdirect.com/fdw/sc/vin_type_whites/p/win_pid_5002738
White Wine,,Damn Good Chardonnay,$14.99/ea,$19.99/l,750ml,26,,https://www.freshdirect.com/fdw/sc/vin_type_whites/p/win_pid_5100096
White Wine,,Cupcake Sauvignon Blanc,$11.99/ea,$15.99/l,750ml,25,,https://www.freshdirect.com/fdw/sc/vin_type_whites/p/win_pid_5002533
White Wine,,Gazela Vinho Verde,$9.99/ea,$13.32/l,750ml,24,,https://www.freshdirect.com/fdw/sc/vin_type_whites/p/win_pid_5002727
White Wine,,Bota Box Sauvignon Blanc,$24.99/ea,$8.33/l,3L,23,,https://www.freshdirect.com/fdw/sc/vin_type_whites/p/win_pid_5003466
White Wine,,Château Tour de Goupin Bordeaux Sauvignon Blanc,$14.99/ea,$19.99/l,750ml,22,,https://www.freshdirect.com/fdw/sc/vin_type_whites/p/win_pid_5002676
White Wine,Terra,Domane Wachau Grüner Veltliner Terrassen Federspiel,$18.99/ea,$25.32/l,750ml,21,,https://www.freshdirect.com/fdw/sc/vin_type_whites/p/win_pid_5002182
White Wine,,Nicolas Sauvignon Blanc,$12.99/ea,$17.32/l,750ml,20,,https://www.freshdirect.com/fdw/sc/vin_type_whites/p/win_pid_5003725
White Wine,,Donini Pinot Grigio IGT,$16.99/ea,$11.33/l,1.5L (1500ml),19,,https://www.freshdirect.com/fdw/sc/vin_type_whites/p/win_pid_5002479
White Wine,,The Pinot Project Pinot Grigio IGT,$14.99/ea,$19.99/l,750ml,18,,https://www.freshdirect.com/fdw/sc/vin_type_whites/p/win_pid_5002459
White Wine,,Josh Cellars Chardonnay,$16.99/ea,$22.65/l,750ml,17,,https://www.freshdirect.com/fdw/sc/vin_type_whites/p/win_pid_5003786
White Wine,,Three Thieves Bandit Pinot Grigio,$9.99/ea,$9.99/l,1L (1000ml),16,,https://www.freshdirect.com/fdw/sc/vin_type_whites/p/win_pid_5002072
White Wine,Three Wishes,Three Wishes Chardonnay,$6.99/ea,$9.32/l,750ml,15,,https://www.freshdirect.com/fdw/sc/vin_type_whites/p/win_pid_5002750
White Wine,,La Vieille Ferme White,$10.99/ea,$14.65/l,750ml,14,,https://www.freshdirect.com/fdw/sc/vin_type_whites/p/win_pid_5002197
White Wine,,Whitehaven Sauvignon Blanc,$22.99/ea,$30.65/l,750ml,13,,https://www.freshdirect.com/fdw/sc/vin_type_whites/p/win_pid_5002082
White Wine,,Angels Tears Sauvignon Blanc,$10.99/ea,$14.65/l,750ml,12,,https://www.freshdirect.com/fdw/sc/vin_type_whites/p/win_pid_5100034
White Wine,,Kendall Jackson Vintner's Reserve Chardonnay,$17.99/ea,$23.99/l,750ml,11,,https://www.freshdirect.com/fdw/sc/vin_type_whites/p/win_pid_5002888
White Wine,,Santa Marina Pinot Grigio IGT,$9.99/ea,$13.32/l,750ml,10,,https://www.freshdirect.com/fdw/sc/vin_type_whites/p/win_pid_5002408
White Wine,,Friend & Farmer Biodynamic White Wine,$14.99/ea,$19.99/l,750ml,9,,https://www.freshdirect.com/fdw/sc/vin_type_whites/p/win_pid_5003680
White Wine,,Louis Jadot Mâcon-Villages Chardonnay,$19.99/ea,$26.65/l,750ml,8,,https://www.freshdirect.com/fdw/sc/vin_type_whites/p/win_pid_5002374
White Wine,,La Crema  Monterey Chardonnay,$19.99/ea,$26.65/l,750ml,7,,https://www.freshdirect.com/fdw/sc/vin_type_whites/p/win_pid_5002747
White Wine,,Matua Marlborough Sauvignon Blanc,$14.99/ea,$19.99/l,750ml,6,,https://www.freshdirect.com/fdw/sc/vin_type_whites/p/win_pid_5002420
White Wine,,Beyond Sauvignon Blanc,$10.99/ea,$14.65/l,750ml,5,,https://www.freshdirect.com/fdw/sc/vin_type_whites/p/win_pid_5002213
White Wine,,Indaba Sauvignon Blanc,$9.99/ea,$13.32/l,750ml,4,,https://www.freshdirect.com/fdw/sc/vin_type_whites/p/win_pid_5002638
White Wine,,Kim Crawford Marlborough Sauvignon Blanc,$17.99/ea,$23.99/l,750ml,3,,https://www.freshdirect.com/fdw/sc/vin_type_whites/p/win_pid_5002639
White Wine,,Domaine du Vaux Saint Georges Touraine Sauvignon Blanc,$13.99/ea,$18.65/l,750ml,2,,https://www.freshdirect.com/fdw/sc/vin_type_whites/p/win_pid_5100016
White Wine,,Oyster Bay Sauvignon Blanc Marlborough,$15.99/ea,$21.32/l,750ml,1,,https://www.freshdirect.com/fdw/sc/vin_type_whites/p/win_pid_5002438
Sparkling Wine,,Billecart-Salmon Champagne Brut Réserve (Half-bottle),$39.99/ea,$106.64/l,375ml,30,,https://www.freshdirect.com/fdw/sc/vin_type_sparkling/p/win_pid_5002568
Sparkling Wine,,Tullia Rosé Brut,$16.99/ea,$22.65/l,750ml,29,,https://www.freshdirect.com/fdw/sc/vin_type_sparkling/p/win_pid_5002705
Sparkling Wine,,Conquilla Cava Brut,$14.99/ea,$19.99/l,750ml,28,,https://www.freshdirect.com/fdw/sc/vin_type_sparkling/p/win_pid_5003728
Sparkling Wine,,Guyot Choppin Champagne,$36.99/ea,$49.32/l,750ml,27,,https://www.freshdirect.com/fdw/sc/vin_type_sparkling/p/win_pid_5100192
Sparkling Wine,,"Sofia Blanc de Blancs, Cans",$24.99/ea,$33.32/l,"4 pk, 187 ml",26,,https://www.freshdirect.com/fdw/sc/vin_type_sparkling/p/win_pid_5002248
Sparkling Wine,,Jacques Balard Grande Réserve Rosé Brut,$13.99/ea,$18.65/l,750ml,25,,https://www.freshdirect.com/fdw/sc/vin_type_sparkling/p/win_pid_5100156
Sparkling Wine,,Les Alliés Sparkling Brut,$9.99/ea,$13.32/l,750ml,24,,https://www.freshdirect.com/fdw/sc/vin_type_sparkling/p/win_pid_5003997
Sparkling Wine,,Charles de Fère Blanc de Blancs Brut Réserve,$14.99/ea,$19.99/l,750ml,23,,https://www.freshdirect.com/fdw/sc/vin_type_sparkling/p/win_pid_5002428
Sparkling Wine,,Cristalino Cava Brut,$12.99/ea,$17.32/l,750ml,22,,https://www.freshdirect.com/fdw/sc/vin_type_sparkling/p/win_pid_5002123
Sparkling Wine,,Louis Régnier Champagne Brut Réserve,$42.99/ea,$57.32/l,750ml,21,,https://www.freshdirect.com/fdw/sc/vin_type_sparkling/p/win_pid_5100011
Sparkling Wine,Bell,Cipriani Bellini Cocktail,$19.99/ea,$26.65/l,750ml,20,,https://www.freshdirect.com/fdw/sc/vin_type_sparkling/p/win_pid_5003862
Sparkling Wine,,Veuve du Vernay Rosé Brut,$12.99/ea,$17.32/l,750ml,19,,https://www.freshdirect.com/fdw/sc/vin_type_sparkling/p/win_pid_5002815
Sparkling Wine,,Jacques Balard Blanc de Blancs Brut,$13.99/ea,$18.65/l,750ml,18,,https://www.freshdirect.com/fdw/sc/vin_type_sparkling/p/win_pid_5100155
Sparkling Wine,,Opera Organic Lambrusco di Modena,$21.99/ea,$29.32/l,750ml,17,,https://www.freshdirect.com/fdw/sc/vin_type_sparkling/p/win_pid_5003624
Sparkling Wine,Bartenura,Bartenura Prosecco Brut DOC,$19.99/ea,$26.65/l,750ml,16,,https://www.freshdirect.com/fdw/sc/vin_type_sparkling/p/win_pid_5002105
Sparkling Wine,,Gruet Sparkling Wine Brut,$22.99/ea,$30.65/l,750ml,15,,https://www.freshdirect.com/fdw/sc/vin_type_sparkling/p/win_pid_5002095
Sparkling Wine,,Altos de Sueño Cava Brut Reserva,$14.99/ea,$19.99/l,750ml,14,,https://www.freshdirect.com/fdw/sc/vin_type_sparkling/p/win_pid_5100153
Sparkling Wine,,Vallate Prosecco DOC Extra Dry,$13.99/ea,$18.65/l,750ml,13,,https://www.freshdirect.com/fdw/sc/vin_type_sparkling/p/win_pid_5000009
Sparkling Wine,,Mionetto Prestige Organic Prosecco,$18.99/ea,$25.32/l,750ml,12,,https://www.freshdirect.com/fdw/sc/vin_type_sparkling/p/win_pid_5003685
Sparkling Wine,,Bollicini Prosecco DOC,$15.99/ea,$21.32/l,750ml,11,,https://www.freshdirect.com/fdw/sc/vin_type_sparkling/p/win_pid_5003011
Sparkling Wine,,Veuve Clicquot Yellow Label Champagne Brut,$69.99/ea,$93.32/l,750ml,10,,https://www.freshdirect.com/fdw/sc/vin_type_sparkling/p/win_pid_5002172
Sparkling Wine,,Gruet Rosé Sparkling Wine Brut,$22.99/ea,$30.65/l,750ml,9,,https://www.freshdirect.com/fdw/sc/vin_type_sparkling/p/win_pid_5002462
Sparkling Wine,,Santa Valentina Prosecco Rosé DOC,$14.99/ea,$19.99/l,750ml,8,,https://www.freshdirect.com/fdw/sc/vin_type_sparkling/p/win_pid_5100162
Sparkling Wine,,Great Expectations Sparkling Rosé,$12.99/ea,$17.32/l,750ml,7,,https://www.freshdirect.com/fdw/sc/vin_type_sparkling/p/win_pid_5100032
Sparkling Wine,,Veuve Ambal Blanc de Blancs,$12.99/ea,$17.32/l,750ml,6,,https://www.freshdirect.com/fdw/sc/vin_type_sparkling/p/win_pid_5002819
Sparkling Wine,lu,Blu Giovello Prosecco Frizzante DOC,$12.99/ea,$17.32/l,750ml,5,,https://www.freshdirect.com/fdw/sc/vin_type_sparkling/p/win_pid_5003012
Sparkling Wine,,Mionetto Gold Label Prosecco DOC Treviso Brut (Quarter-bottle),$5.99/ea,$32.03/l,187ml,4,,https://www.freshdirect.com/fdw/sc/vin_type_sparkling/p/win_pid_5002892
Sparkling Wine,,Santa Valentina Prosecco DOC Extra Dry,$14.99/ea,$19.99/l,750ml,3,,https://www.freshdirect.com/fdw/sc/vin_type_sparkling/p/win_pid_5100161
Sparkling Wine,,La Marca Prosecco DOC,$21.99/ea,$29.32/l,750ml,2,,https://www.freshdirect.com/fdw/sc/vin_type_sparkling/p/win_pid_5002809
Sparkling Wine,,Mionetto Gold Label Prosecco DOC Treviso Brut,$17.99/ea,$23.99/l,750ml,1,,https://www.freshdirect.com/fdw/sc/vin_type_sparkling/p/win_pid_5002810
Rosé Wine,,"Beach Juice Rosé with Bubbles, Can",$6.99/ea,$18.64/l,375ml,3,,https://www.freshdirect.com/fdw/sc/vin_type_rose/p/win_pid_5003876
Rosé Wine,,"Hérisson Rosé, Box",$36.99/ea,$12.33/l,3L,2,,https://www.freshdirect.com/fdw/sc/vin_type_rose/p/win_pid_5003611
Rosé Wine,,Les Alliés Sparkling Brut Rosé,$9.99/ea,$13.32/l,750ml,1,,https://www.freshdirect.com/fdw/sc/vin_type_rose/p/win_pid_5003998